Ticker,Total Revenue,Gross Profit,Operating Income,Net Income,Year,Total Assets,Current Liabilities,Total Stockholder Equity,Cash And Cash Equivalents,Total Liab,Report Date,Operating Cash Flow,Financing Cash Flow,Investing Cash Flow,Gross Margin,Operating Margin,Net Margin,ROA,ROE,Current Ratio,Debt to Equity,CapEx,FCF,FCF Yield,CapEx Ratio,Z_Score,Z_Risk
A,6.51,3.54,1.49,1.29,0.0,11.85,1.9,5.9,1.33,0.0,2024-10-31,1.75,-0.75,-1.26,0.5438,0.2289,0.1982,0.1089,0.2186,0,0.0000,1.008,0.742,0.1258,0.1548,1.4394206329113923,Distress
AAPL,391.04,180.68,123.22,93.74,0.0,364.98,176.39,56.95,29.94,0.0,2024-09-30,118.25,-121.98,2.94,0.4620,0.3151,0.2397,0.2568,1.6460,0,0.0000,0.0,118.25,2.0764,0.0000,2.2096694432571646,Grey
ABBV,56.33,39.43,11.89,4.28,0.0,135.16,38.75,3.32,5.52,0.0,2024-12-31,18.81,-5.21,-20.82,0.7000,0.2111,0.0760,0.0317,1.2892,0,0.0000,16.656,2.154,0.6488,0.2957,1.162403897602841,Distress
ABNB,11.1,9.22,2.55,2.65,0.0,20.96,10.16,8.41,6.86,0.0,2024-12-31,4.52,-3.57,-0.62,0.8306,0.2297,0.2387,0.1264,0.3151,0,0.0000,0.496,4.024,0.4785,0.0447,1.6803382442748092,Distress
ABT,41.95,23.24,6.82,13.4,0.0,81.41,14.16,47.66,7.62,0.0,2024-12-31,8.56,-5.4,-2.34,0.5540,0.1626,0.3194,0.1646,0.2812,0,0.0000,1.872,6.688,0.1403,0.0446,1.1641933153175286,Distress
ACGL,16.93,0.0,0.0,4.31,0.0,70.91,0.0,20.82,0.98,50.09,2024-12-31,6.67,-1.92,-4.46,0.0000,0.0000,0.2546,0.0608,0.2070,1.4157,2.4059,3.568,3.102,0.1490,0.2108,0.2553377520801015,Distress
ACN,64.9,21.16,9.6,7.26,0.0,55.93,18.98,28.29,5.0,0.0,2024-08-31,9.13,-6.06,-7.06,0.3260,0.1479,0.1119,0.1298,0.2566,0,0.0000,5.648,3.482,0.1231,0.0870,1.7557259985696405,Distress
ADBE,21.5,19.15,7.74,5.56,0.0,30.23,10.52,14.1,7.61,0.0,2024-11-30,8.06,-7.72,0.15,0.8907,0.3600,0.2586,0.1839,0.3943,0,0.0000,0.0,8.06,0.5716,0.0000,2.201298048296394,Grey
ADI,9.43,5.38,2.07,1.64,0.0,48.23,2.99,35.18,1.99,0.0,2024-10-31,3.85,-1.71,-1.1,0.5705,0.2195,0.1739,0.0340,0.0466,0,0.0000,0.88,2.97,0.0844,0.0933,0.9693842110719468,Distress
ADM,85.53,5.78,2.07,1.8,0.0,53.27,19.94,22.17,0.61,0.0,2024-12-31,2.79,-1.53,-2.7,0.0676,0.0242,0.0210,0.0338,0.0812,0,0.0000,2.16,0.63,0.0284,0.0253,1.6991954608597708,Distress
ADP,20.56,9.46,5.41,4.08,0.0,53.37,41.28,6.19,3.35,0.0,2025-06-30,4.94,-6.97,-3.04,0.4601,0.2631,0.1984,0.0764,0.6591,0,0.0000,2.432,2.508,0.4052,0.1183,1.3287883661232902,Distress
ADSK,6.13,5.55,1.37,1.11,0.0,10.83,5.15,2.62,1.6,0.0,2025-01-31,1.61,-0.99,-0.9,0.9054,0.2235,0.1811,0.1025,0.4237,0,0.0000,0.72,0.89,0.3397,0.1175,1.4808556325023083,Distress
AEE,7.62,3.65,1.52,1.18,0.0,44.6,3.41,12.11,0.01,0.0,2024-12-31,2.76,1.75,-4.46,0.4790,0.1995,0.1549,0.0265,0.0974,0,0.0000,3.568,-0.808,-0.0667,0.4682,0.8294710762331838,Distress
AEP,19.72,12.46,4.45,2.97,0.0,103.08,13.01,26.94,0.2,0.0,2024-12-31,6.8,0.66,-7.6,0.6318,0.2257,0.1506,0.0288,0.1102,0,0.0000,6.08,0.72,0.0267,0.3083,0.9384460108653473,Distress
AES,12.28,2.31,2.03,1.68,0.0,47.41,8.57,3.64,1.52,0.0,2024-12-31,2.75,4.96,-7.7,0.1881,0.1653,0.1368,0.0354,0.4615,0,0.0000,6.16,-3.41,-0.9368,0.5016,0.8429799810166632,Distress
AFL,19.13,0.0,0.0,5.44,0.0,117.57,0.0,26.1,6.23,91.47,2024-12-31,2.71,-3.49,2.78,0.0000,0.0000,0.2844,0.0463,0.2084,1.2853,3.5046,0.0,2.71,0.1038,0.0000,0.22629922599302543,Distress
AIG,27.27,0.0,0.0,-1.4,0.0,161.32,0.0,42.52,1.3,118.77,2024-12-31,3.27,-5.06,1.67,0.0000,0.0000,-0.0513,-0.0087,-0.0329,1.3583,2.7933,0.0,3.27,0.0769,0.0000,0.17871311678651128,Distress
AIZ,11.88,0.0,0.0,0.76,0.0,35.02,0.0,5.11,1.81,29.91,2024-12-31,1.33,-0.48,-0.66,0.0000,0.0000,0.0640,0.0217,0.1487,1.1708,5.8532,0.528,0.802,0.1569,0.0444,0.4012564249000571,Distress
AJG,11.55,4.88,2.28,1.46,0.0,64.26,29.26,20.15,14.99,0.0,2024-12-31,2.58,13.05,-1.59,0.4225,0.1974,0.1264,0.0227,0.0725,0,0.0000,1.272,1.308,0.0649,0.1101,1.1110838655462183,Distress
AKAM,3.99,2.37,0.64,0.5,0.0,10.37,2.09,4.88,0.52,0.0,2024-12-31,1.52,-0.68,-0.8,0.5940,0.1604,0.1253,0.0482,0.1025,0,0.0000,0.64,0.88,0.1803,0.1604,0.974257319189971,Distress
ALB,5.38,0.06,-0.64,-1.18,0.0,16.61,1.97,9.96,1.19,0.0,2024-12-31,0.7,1.24,-1.57,0.0112,-0.1190,-0.2193,-0.0710,-0.1185,0,0.0000,1.256,-0.556,-0.0558,0.2335,0.017173570138470817,Distress
ALGN,4.0,2.8,0.67,0.42,0.0,6.21,2.04,3.85,1.04,0.0,2024-12-31,0.74,-0.36,-0.25,0.7000,0.1675,0.1050,0.0676,0.1091,0,0.0000,0.200,0.540,0.1403,0.0500,1.3978385668276971,Distress
ALL,63.52,0.0,0.0,4.67,0.0,111.62,0.0,21.44,0.7,90.25,2024-12-31,8.93,-0.7,-8.25,0.0000,0.0000,0.0735,0.0418,0.2178,1.2368,4.2094,6.600,2.330,0.1087,0.1039,0.5765991757749507,Distress
ALLE,3.77,1.67,0.78,0.6,0.0,4.49,0.7,1.5,0.5,0.0,2024-12-31,0.68,-0.39,-0.23,0.4430,0.2069,0.1592,0.1336,0.4000,0,0.0000,0.184,0.496,0.3307,0.0488,1.656043942093541,Distress
AMAT,27.18,12.9,7.87,7.18,0.0,34.41,8.47,19.0,8.02,0.0,2024-10-31,8.68,-4.47,-2.33,0.4746,0.2896,0.2642,0.2087,0.3779,0,0.0000,1.864,6.816,0.3587,0.0686,2.025252798605057,Grey
AMCR,15.01,2.83,1.32,0.51,0.0,37.07,6.99,11.73,0.83,0.0,2025-06-30,1.39,0.91,-2.1,0.1885,0.0879,0.0340,0.0138,0.0435,0,0.0000,1.68,-0.29,-0.0247,0.1119,0.7218477178311302,Distress
AMD,25.78,12.72,2.09,1.64,0.0,69.23,7.28,57.57,3.79,0.0,2024-12-31,3.04,-2.06,-1.1,0.4934,0.0811,0.0636,0.0237,0.0285,0,0.0000,0.88,2.16,0.0375,0.0341,0.7057059786219847,Distress
AME,6.94,2.48,1.78,1.38,0.0,14.63,2.1,9.66,0.37,0.0,2024-12-31,1.83,-1.6,-0.24,0.3573,0.2565,0.1988,0.0943,0.1429,0,0.0000,0.192,1.638,0.1696,0.0277,1.3511663362952837,Distress
AMGN,33.42,20.57,7.26,4.09,0.0,91.84,23.1,5.88,11.97,0.0,2024-12-31,11.49,-9.41,-1.05,0.6155,0.2172,0.1224,0.0445,0.6956,0,0.0000,0.840,10.650,1.8112,0.0251,1.2370561672473868,Distress
AMP,17.26,0.0,0.0,3.4,0.0,181.4,0.0,5.23,8.52,176.18,2024-12-31,6.6,-5.16,-0.55,0.0000,0.0000,0.1970,0.0187,0.6501,1.0296,33.6864,0.440,6.160,1.1778,0.0255,0.15151047409040794,Distress
AMT,10.13,7.55,4.6,2.26,0.0,61.08,7.08,3.38,2.0,0.0,2024-12-31,5.29,-5.45,0.41,0.7453,0.4541,0.2231,0.0370,0.6686,0,0.0000,0.0,5.29,1.5651,0.0000,1.7036707989521938,Distress
AMZN,637.96,311.67,68.59,59.25,0.0,624.89,179.43,285.97,78.78,0.0,2024-12-31,115.88,-11.81,-94.34,0.4885,0.1075,0.0929,0.0948,0.2072,0,0.0000,75.472,40.408,0.1413,0.1183,1.5269499071836643,Distress
ANET,7.0,4.49,2.94,2.85,0.0,14.04,2.73,9.99,2.76,0.0,2024-12-31,3.71,-0.42,-2.46,0.6414,0.4200,0.4071,0.2030,0.2853,0,0.0000,1.968,1.742,0.1744,0.2811,2.1204729344729345,Grey
AON,15.7,7.42,4.18,2.65,0.0,48.96,23.0,6.12,1.08,0.0,2024-12-31,3.04,0.8,-2.83,0.4726,0.2662,0.1688,0.0541,0.4330,0,0.0000,2.264,0.776,0.1268,0.1442,1.225600522875817,Distress
AOS,3.82,1.46,0.72,0.53,0.0,3.24,0.9,1.88,0.24,0.0,2024-12-31,0.58,-0.41,-0.27,0.3822,0.1885,0.1387,0.1636,0.2819,0,0.0000,0.216,0.364,0.1936,0.0565,1.889951234567901,Grey
APA,9.74,4.3,3.2,0.8,0.0,19.39,2.96,5.28,0.62,0.0,2024-12-31,3.62,-2.16,-0.92,0.4415,0.3285,0.0821,0.0413,0.1515,0,0.0000,0.736,2.884,0.5462,0.0756,1.6247410778751932,Distress
APD,12.1,3.93,2.95,3.83,0.0,39.57,4.18,17.04,2.98,0.0,2024-09-30,3.65,2.62,-4.92,0.3248,0.2438,0.3165,0.0968,0.2248,0,0.0000,3.936,-0.286,-0.0168,0.3253,1.2006987060904726,Distress
APH,15.22,5.14,3.28,2.42,0.0,21.44,4.08,9.79,3.32,0.0,2024-12-31,2.81,1.73,-2.65,0.3377,0.2155,0.1590,0.1129,0.2472,0,0.0000,2.120,0.690,0.0705,0.1393,1.6068589552238806,Distress
APO,26.11,24.97,8.3,4.58,0.0,377.9,269.62,17.25,16.17,0.0,2024-12-31,3.25,57.97,-61.8,0.9563,0.3179,0.1754,0.0121,0.2655,0,0.0000,49.44,-46.19,-2.6777,1.8935,1.169509269648055,Distress
APTV,19.71,3.71,2.04,1.79,0.0,23.46,5.13,8.8,1.57,0.0,2024-12-31,2.45,-1.96,-0.51,0.1882,0.1035,0.0908,0.0763,0.2034,0,0.0000,0.408,2.042,0.2320,0.0207,1.262010358056266,Distress
ARE,3.05,2.14,0.77,0.32,0.0,37.53,1.96,17.89,0.55,0.0,2024-12-31,1.5,-0.09,-1.51,0.7016,0.2525,0.1049,0.0085,0.0179,0,0.0000,1.208,0.292,0.0163,0.3961,0.9321042499333865,Distress
ASML,28.26,14.49,9.02,7.57,0.0,48.59,20.05,18.48,12.74,0.0,2024-12-31,11.17,-2.83,-2.61,0.5127,0.3192,0.2679,0.1558,0.4096,0,0.0000,2.088,9.082,0.4915,0.0739,1.9495937929615146,Grey
ATO,4.17,2.41,1.36,1.04,0.0,25.19,1.21,12.16,0.31,0.0,2024-09-30,1.73,1.48,-2.92,0.5779,0.3261,0.2494,0.0413,0.0855,0,0.0000,2.336,-0.606,-0.0498,0.5602,1.2564396466851926,Distress
AVB,2.91,1.84,0.92,1.08,0.0,21.0,0.75,11.94,0.11,0.0,2024-12-31,1.61,-0.87,-1.0,0.6323,0.3162,0.3711,0.0514,0.0905,0,0.0000,0.80,0.81,0.0678,0.2749,1.1883171428571426,Distress
AVGO,51.57,32.51,15.0,5.9,0.0,165.64,16.7,67.68,9.35,0.0,2024-10-31,19.96,-1.73,-23.07,0.6304,0.2909,0.1144,0.0356,0.0872,0,0.0000,18.456,1.504,0.0222,0.3579,1.3390451026322143,Distress
AVY,8.76,2.53,1.12,0.7,0.0,8.4,2.86,2.31,0.33,0.0,2024-12-31,0.94,-0.58,-0.24,0.2888,0.1279,0.0799,0.0833,0.3030,0,0.0000,0.192,0.748,0.3238,0.0219,1.51207,Distress
AWK,4.68,2.83,1.72,1.05,0.0,32.83,3.15,10.33,0.1,0.0,2024-12-31,2.04,1.11,-3.38,0.6047,0.3675,0.2244,0.0320,0.1016,0,0.0000,2.704,-0.664,-0.0643,0.5778,1.3589577368260737,Distress
AXON,2.08,1.24,0.06,0.38,0.0,4.47,1.68,2.33,0.45,0.0,2024-12-31,0.41,-0.05,-0.49,0.5962,0.0288,0.1827,0.0850,0.1631,0,0.0000,0.392,0.018,0.0077,0.1885,0.6811697539149888,Distress
AXP,65.95,0.0,0.0,10.13,0.0,271.46,0.0,30.26,40.55,241.2,2024-12-31,14.05,4.44,-24.4,0.0000,0.0000,0.1536,0.0373,0.3348,1.1255,7.9709,19.52,-5.47,-0.1808,0.2960,0.422198482280999,Distress
AZO,0.0,0.0,0.0,0.0,0.0,17.18,8.71,-4.75,0.3,0.0,2024-08-31,3.0,-1.68,-1.29,0,0,0,0.0000,-0.0000,0,-0.0000,1.032,1.968,-0.4143,0,0.0209545983701979,Distress
BA,66.52,-1.99,-10.82,-11.82,0.0,156.36,97.08,-3.91,13.8,0.0,2024-12-31,-12.08,25.21,-11.97,-0.0299,-0.1627,-0.1777,-0.0756,3.0230,0,-0.0000,9.576,-21.656,5.5386,0.1440,-0.00557206190841647,Distress
BAC,101.89,0.0,0.0,27.13,0.0,3261.52,0.0,295.56,296.49,2965.96,2024-12-31,-8.8,60.37,-90.69,0.0000,0.0000,0.2663,0.0083,0.0918,1.0997,10.0351,72.552,-81.352,-0.2752,0.7121,0.1403265961882803,Distress
BALL,11.8,2.44,1.18,4.01,0.0,17.63,4.85,5.86,0.88,0.0,2024-12-31,0.12,-4.79,5.0,0.2068,0.1000,0.3398,0.2275,0.6843,0,0.0000,0.0,0.12,0.0205,0.0000,1.0592115711854793,Distress
BAX,10.64,3.98,0.44,-0.65,0.0,25.78,6.51,6.96,1.76,0.0,2024-12-31,1.02,-1.08,-0.63,0.3741,0.0414,-0.0611,-0.0252,-0.0934,0,0.0000,0.504,0.516,0.0741,0.0474,0.6312670131885183,Distress
BBY,41.53,9.38,1.73,0.93,0.0,14.78,8.02,2.81,1.58,0.0,2025-01-31,2.1,-1.31,-0.7,0.2259,0.0417,0.0224,0.0629,0.3310,0,0.0000,0.56,1.54,0.5480,0.0135,3.0757696752368062,Safe
BDX,20.18,9.12,2.86,1.7,0.0,57.29,8.96,25.89,1.72,0.0,2024-09-30,3.8,2.09,-5.51,0.4519,0.1417,0.0842,0.0297,0.0657,0,0.0000,4.408,-0.608,-0.0235,0.2184,0.8558802042241229,Distress
BEN,8.48,6.79,1.16,0.46,0.0,32.46,1.82,12.51,4.41,0.0,2024-09-30,0.97,1.42,-2.42,0.8007,0.1368,0.0542,0.0142,0.0368,0,0.0000,1.936,-0.966,-0.0772,0.2283,0.8757160320394332,Distress
BF-B,3.98,2.34,1.17,0.87,0.0,8.09,1.08,3.99,0.44,0.0,2025-04-30,0.6,-0.84,0.25,0.5879,0.2940,0.2186,0.1075,0.2180,0,0.0000,0.0,0.6,0.1504,0.0000,1.527431149567367,Distress
BG,53.11,3.39,1.62,1.14,0.0,24.9,7.44,9.91,3.31,0.0,2024-12-31,1.9,-0.09,-1.11,0.0638,0.0305,0.0215,0.0458,0.1150,0,0.0000,0.888,1.012,0.1021,0.0167,2.3930997991967873,Grey
BIIB,9.68,7.37,2.22,1.63,0.0,28.05,5.53,16.72,2.38,0.0,2024-12-31,2.88,-0.68,-0.8,0.7614,0.2293,0.1684,0.0581,0.0975,0,0.0000,0.64,2.24,0.1340,0.0661,1.203606221033868,Distress
BK,18.26,0.0,0.0,4.53,0.0,416.06,0.0,41.32,101.94,374.3,2024-12-31,0.69,6.34,-9.48,0.0000,0.0000,0.2481,0.0109,0.1096,1.1116,9.0586,7.584,-6.894,-0.1668,0.4153,0.33790318704033073,Distress
BKNG,23.74,0.0,7.56,5.88,0.0,27.71,15.65,-4.02,16.16,0.0,2024-12-31,8.32,-4.2,0.13,0.0000,0.3184,0.2477,0.2122,-1.4627,0,-0.0000,0.0,8.32,-2.0697,0.0000,2.6072699819559726,Grey
BKR,27.83,5.84,3.38,2.98,0.0,38.36,12.99,16.9,3.36,0.0,2024-12-31,3.33,-1.53,-1.02,0.2098,0.1215,0.1071,0.0777,0.1763,0,0.0000,0.816,2.514,0.1488,0.0293,1.2315547966631908,Distress
BLDR,16.4,5.38,1.6,1.08,0.0,10.58,1.78,4.3,0.15,0.0,2024-12-31,1.87,-1.07,-0.71,0.3280,0.0976,0.0659,0.1021,0.2512,0,0.0000,0.568,1.302,0.3028,0.0346,1.8891877504725896,Grey
BLK,20.41,10.09,7.54,6.37,0.0,138.62,1.54,47.5,12.76,0.0,2024-12-31,4.96,2.24,-3.0,0.4944,0.3694,0.3121,0.0460,0.1341,0,0.0000,2.40,2.56,0.0539,0.1176,1.4767173019766267,Distress
BMY,48.3,34.33,5.89,-8.95,0.0,92.6,23.77,16.34,10.35,0.0,2024-12-31,15.19,5.13,-21.35,0.7108,0.1219,-0.1853,-0.0967,-0.5477,0,0.0000,17.080,-1.890,-0.1157,0.3536,1.0579935421166307,Distress
BR,6.89,2.14,1.19,0.84,0.0,8.54,1.86,2.66,0.56,0.0,2025-06-30,1.17,-0.6,-0.32,0.3106,0.1727,0.1219,0.0984,0.3158,0,0.0000,0.256,0.914,0.3436,0.0372,1.455390093676815,Distress
BRK-B,424.23,0.0,0.0,89.0,0.0,1153.88,0.0,649.37,47.73,502.23,2024-12-31,30.59,-10.36,-10.29,0.0000,0.0000,0.2098,0.0771,0.1371,2.2975,0.7734,8.232,22.358,0.0344,0.0194,0.4172929594065241,Distress
BRO,4.7,2.3,1.37,0.99,0.0,17.61,6.31,6.42,0.68,0.0,2024-12-31,1.17,-0.06,-0.9,0.4894,0.2915,0.2106,0.0562,0.1542,0,0.0000,0.72,0.45,0.0701,0.1532,1.2751811186825666,Distress
BSX,16.75,11.49,3.0,1.85,0.0,39.4,6.4,21.77,0.41,0.0,2024-12-31,3.44,1.81,-5.69,0.6860,0.1791,0.1104,0.0470,0.0850,0,0.0000,4.552,-1.112,-0.0511,0.2718,1.0286442131979694,Distress
BX,10.93,0.0,0.0,2.78,0.0,43.47,0.0,8.21,1.97,23.97,2024-12-31,3.48,-4.5,-0.06,0.0000,0.0000,0.2543,0.0640,0.3386,1.8135,2.9196,0.048,3.432,0.4180,0.0044,0.3058201058201058,Distress
BXP,3.41,2.09,1.02,0.01,0.0,26.08,1.2,5.42,1.25,0.0,2024-12-31,1.23,-0.27,-1.24,0.6129,0.2991,0.0029,0.0004,0.0018,0,0.0000,0.992,0.238,0.0439,0.2909,1.175296871165644,Distress
C,81.09,0.0,0.0,12.68,0.0,2352.95,0.0,208.6,276.53,2143.58,2024-12-31,-19.67,-38.3,86.25,0.0000,0.0000,0.1564,0.0054,0.0608,1.0977,10.2760,0.0,-19.67,-0.0943,0.0000,0.17549289190165537,Distress
CAG,11.61,3.0,1.47,1.15,0.0,20.93,4.32,8.93,0.07,0.0,2025-05-31,1.69,-1.16,-0.54,0.2584,0.1266,0.0991,0.0549,0.1288,0,0.0000,0.432,1.258,0.1409,0.0372,0.9764995413282369,Distress
CAH,222.58,8.17,2.32,1.56,0.0,53.12,38.9,-2.78,3.87,0.0,2025-06-30,2.4,1.94,-5.59,0.0367,0.0104,0.0070,0.0294,-0.5612,0,-0.0000,4.472,-2.072,0.7453,0.0201,4.3118802409638555,Safe
CARR,22.49,5.98,2.1,5.6,0.0,37.4,7.89,14.08,3.97,0.0,2024-12-31,0.56,-4.64,-2.02,0.2659,0.0934,0.2490,0.1497,0.3977,0,0.0000,1.616,-1.056,-0.0750,0.0719,1.036936577540107,Distress
CAT,64.81,23.32,13.07,10.79,0.0,87.76,32.27,19.49,6.89,0.0,2024-12-31,12.04,-9.56,-2.45,0.3598,0.2017,0.1665,0.1229,0.5536,0,0.0000,1.960,10.080,0.5172,0.0302,1.4983128258887874,Distress
CB,56.15,0.0,0.0,9.27,0.0,246.55,0.0,64.02,2.29,178.15,2024-12-31,16.18,-2.18,-13.92,0.0000,0.0000,0.1651,0.0376,0.1448,1.3839,2.7827,11.136,5.044,0.0788,0.1983,0.23888866355708782,Distress
CBOE,4.09,2.07,1.18,0.76,0.0,7.79,1.4,4.28,0.92,0.0,2024-12-31,1.1,-0.5,-0.14,0.5061,0.2885,0.1858,0.0976,0.1776,0,0.0000,0.112,0.988,0.2308,0.0274,1.618802246469833,Distress
CBRE,35.77,6.96,1.27,0.97,0.0,24.38,9.29,8.41,1.11,0.0,2024-12-31,1.71,-0.22,-1.51,0.1946,0.0355,0.0271,0.0398,0.1153,0,0.0000,1.208,0.502,0.0597,0.0338,1.6389711648892535,Distress
CCI,6.57,4.72,2.28,-3.9,0.0,32.74,2.18,-0.13,0.12,0.0,2024-12-31,2.94,-1.71,-1.22,0.7184,0.3470,-0.5936,-0.1191,30.0000,0,-0.0000,0.976,1.964,-15.1077,0.1486,1.350170250458155,Distress
CCL,25.02,9.38,3.57,1.92,0.0,49.06,11.62,9.25,1.21,0.0,2024-11-30,5.92,-2.58,-4.54,0.3749,0.1427,0.0767,0.0391,0.2076,0,0.0000,3.632,2.288,0.2474,0.1452,1.01049418263351,Distress
CDNS,4.64,3.99,1.37,1.06,0.0,8.97,1.37,4.67,2.64,0.0,2024-12-31,1.26,1.24,-0.84,0.8599,0.2953,0.2284,0.1182,0.2270,0,0.0000,0.672,0.588,0.1259,0.1448,1.8449470791527314,Grey
CDW,21.0,4.6,1.65,1.08,0.0,14.68,5.47,2.35,0.5,0.0,2024-12-31,1.28,-0.69,-0.66,0.2190,0.0786,0.0514,0.0736,0.4596,0,0.0000,0.528,0.752,0.3200,0.0251,1.7307696457765667,Distress
CEG,23.57,5.99,4.85,3.75,0.0,52.93,6.85,13.17,3.02,0.0,2024-12-31,-2.46,-2.29,7.43,0.2541,0.2058,0.1591,0.0708,0.2847,0,0.0000,0.0,-2.46,-0.1868,0.0000,1.1929129076138296,Distress
CF,5.94,2.06,1.71,1.22,0.0,13.47,0.82,4.99,1.61,0.0,2024-12-31,2.27,-2.2,-0.47,0.3468,0.2879,0.2054,0.0906,0.2445,0,0.0000,0.376,1.894,0.3796,0.0633,1.5344797995545656,Distress
CFG,7.79,0.0,0.0,1.51,0.0,217.52,0.0,24.25,11.24,193.27,2024-12-31,2.0,-6.02,2.99,0.0000,0.0000,0.1938,0.0069,0.0623,1.1255,7.9699,0.0,2.0,0.0825,0.0000,0.0978208900331004,Distress
CHD,6.11,2.79,1.16,0.59,0.0,8.88,1.32,4.36,0.96,0.0,2024-12-31,1.16,-0.34,-0.18,0.4566,0.1899,0.0966,0.0664,0.1353,0,0.0000,0.144,1.016,0.2330,0.0236,1.4444627927927929,Distress
CHRW,17.72,1.31,0.67,0.47,0.0,5.3,2.32,1.72,0.15,0.0,2024-12-31,0.51,-0.42,-0.07,0.0739,0.0378,0.0265,0.0887,0.2733,0,0.0000,0.056,0.454,0.2640,0.0032,3.5020984905660377,Safe
CHTR,55.08,30.78,13.24,5.08,0.0,150.02,13.49,15.59,0.46,0.0,2024-12-31,14.43,-3.98,-10.65,0.5588,0.2404,0.0922,0.0339,0.3258,0,0.0000,8.520,5.910,0.3791,0.1547,1.1641505559258765,Distress
CI,244.38,0.0,0.0,3.43,0.0,155.88,0.0,41.03,7.55,114.64,2024-12-31,10.36,-7.65,-2.1,0.0000,0.0000,0.0140,0.0220,0.0836,1.3597,2.7941,1.68,8.68,0.2116,0.0069,1.625866050808314,Distress
CINF,11.34,0.0,0.0,2.29,0.0,36.5,0.0,13.94,0.98,22.57,2024-12-31,2.65,-0.88,-1.7,0.0000,0.0000,0.2019,0.0627,0.1643,1.6172,1.6191,1.36,1.29,0.0925,0.1199,0.3429041095890411,Distress
CL,20.1,12.16,4.33,2.89,0.0,16.05,5.76,0.21,1.1,0.0,2024-12-31,4.11,-3.39,-0.53,0.6050,0.2154,0.1438,0.1801,13.7619,0,0.0000,0.424,3.686,17.5524,0.0211,2.0453994392523365,Grey
CLX,7.1,3.21,1.18,0.81,0.0,5.56,1.92,0.32,0.17,0.0,2025-06-30,0.98,-0.92,-0.09,0.4521,0.1662,0.1141,0.1457,2.5313,0,0.0000,0.072,0.908,2.8375,0.0101,1.8621290647482014,Grey
CMCSA,123.73,86.7,23.3,16.19,0.0,266.21,39.58,85.56,7.32,0.0,2024-12-31,27.67,-10.88,-15.67,0.7007,0.1883,0.1308,0.0608,0.1892,0,0.0000,12.536,15.134,0.1769,0.1013,1.119169948161226,Distress
CME,6.13,5.28,3.93,3.53,0.0,137.45,102.31,26.49,2.89,0.0,2024-12-31,3.69,5.08,-0.08,0.8613,0.6411,0.5759,0.0257,0.1333,0,0.0000,0.064,3.626,0.1369,0.0104,2.1854590287377227,Grey
CMG,11.31,3.02,1.99,1.53,0.0,9.2,1.17,3.66,0.75,0.0,2024-12-31,2.11,-1.07,-0.84,0.2670,0.1760,0.1353,0.1663,0.4180,0,0.0000,0.672,1.438,0.3929,0.0594,1.9079739130434783,Grey
CMI,34.1,8.44,3.38,3.95,0.0,31.54,11.23,10.27,1.67,0.0,2024-12-31,1.49,-0.17,-1.78,0.2475,0.0991,0.1158,0.1252,0.3846,0,0.0000,1.424,0.066,0.0064,0.0418,1.471735136334813,Distress
CMS,7.52,3.21,1.49,1.0,0.0,35.92,3.52,8.23,0.1,0.0,2024-12-31,2.37,0.61,-3.05,0.4269,0.1981,0.1330,0.0278,0.1215,0,0.0000,2.440,-0.070,-0.0085,0.3245,0.8664248775055678,Distress
CNC,163.07,16.83,3.19,3.3,0.0,82.44,34.26,26.41,14.06,0.0,2024-12-31,0.15,-2.41,-1.05,0.1032,0.0196,0.0202,0.0400,0.1250,0,0.0000,0.840,-0.690,-0.0261,0.0052,2.2473825715672002,Grey
CNP,8.64,3.98,1.99,1.02,0.0,43.77,4.04,10.67,0.02,0.0,2024-12-31,2.14,2.27,-4.49,0.4606,0.2303,0.1181,0.0233,0.0956,0,0.0000,3.592,-1.452,-0.1361,0.4157,0.957933797121316,Distress
COF,39.11,0.0,0.0,4.75,0.0,490.14,0.0,60.78,43.23,429.36,2024-12-31,18.16,8.17,-26.41,0.0000,0.0000,0.1215,0.0097,0.0782,1.1416,7.0642,21.128,-2.968,-0.0488,0.5402,0.18563267637817765,Distress
COIN,6.56,4.91,2.24,2.58,0.0,22.54,7.94,10.28,8.54,0.0,2024-12-31,2.56,2.83,-0.28,0.7485,0.3415,0.3933,0.1145,0.2510,0,0.0000,0.224,2.336,0.2272,0.0341,1.8726465394853593,Grey
COO,3.9,2.6,0.71,0.39,0.0,12.32,1.02,8.08,0.11,0.0,2024-10-31,0.71,0.04,-0.76,0.6667,0.1821,0.1000,0.0317,0.0483,0,0.0000,0.608,0.102,0.0126,0.1559,0.9282027272727271,Distress
COP,54.74,16.38,12.78,9.24,0.0,122.78,12.12,64.8,5.61,0.0,2024-12-31,20.12,-8.84,-11.15,0.2992,0.2335,0.1688,0.0753,0.1426,0,0.0000,8.920,11.200,0.1728,0.1630,1.2712178612151817,Distress
COR,293.96,9.91,3.16,1.51,0.0,67.1,54.28,0.65,3.13,0.0,2024-09-30,3.48,-2.33,-0.62,0.0337,0.0107,0.0051,0.0225,2.3231,0,0.0000,0.496,2.984,4.5908,0.0017,4.472210149031297,Safe
COST,254.45,32.1,9.28,7.37,0.0,69.83,35.46,23.62,9.91,0.0,2024-08-31,11.34,-10.76,-4.41,0.1262,0.0365,0.0290,0.1055,0.3120,0,0.0000,3.528,7.812,0.3307,0.0139,3.9345986467134466,Safe
CPAY,3.97,3.11,1.76,1.0,0.0,17.96,8.71,3.12,1.55,0.0,2024-12-31,1.94,0.4,-0.81,0.7834,0.4433,0.2519,0.0557,0.3205,0,0.0000,0.648,1.292,0.4141,0.1632,1.7875002449888642,Distress
CPB,10.25,3.12,1.35,0.6,0.0,14.9,2.91,3.9,0.13,0.0,2025-07-31,1.13,-0.92,-0.19,0.3044,0.1317,0.0585,0.0403,0.1538,0,0.0000,0.152,0.978,0.2508,0.0148,1.1329992617449665,Distress
CPRT,4.65,2.1,1.7,1.55,0.0,10.09,0.68,9.19,2.78,0.0,2025-07-31,1.8,0.05,-0.59,0.4516,0.3656,0.3333,0.1536,0.1687,0,0.0000,0.472,1.328,0.1445,0.1015,1.9979567096134785,Grey
CPT,1.54,0.94,0.3,0.16,0.0,8.85,0.41,4.68,0.02,0.0,2024-12-31,0.77,-0.73,-0.29,0.6104,0.1948,0.1039,0.0181,0.0342,0,0.0000,0.232,0.538,0.1150,0.1506,0.8195631638418078,Distress
CRM,37.9,29.25,7.67,6.2,0.0,102.93,27.98,61.17,8.85,0.0,2025-01-31,13.09,-9.43,-3.16,0.7718,0.2024,0.1636,0.0602,0.1014,0,0.0000,2.528,10.562,0.1727,0.0667,1.1393083221606917,Distress
CRWD,3.95,2.96,-0.12,-0.02,0.0,8.7,3.46,3.28,4.32,0.0,2025-01-31,1.38,0.11,-0.54,0.7494,-0.0304,-0.0051,-0.0023,-0.0061,0,0.0000,0.432,0.948,0.2890,0.1094,0.9495650574712644,Distress
CSCO,56.65,36.79,12.5,10.18,0.0,122.29,35.06,46.84,8.35,0.0,2025-07-31,14.19,-15.82,1.73,0.6494,0.2207,0.1797,0.0832,0.2173,0,0.0000,0.0,14.19,0.3029,0.0000,1.273489491372966,Distress
CSGP,2.74,2.18,0.0,0.14,0.0,9.26,0.55,7.55,4.68,0.0,2024-12-31,0.39,-0.01,-0.91,0.7956,0.0000,0.0511,0.0151,0.0185,0,0.0000,0.728,-0.338,-0.0448,0.2657,0.902375809935205,Distress
CSX,14.54,5.34,5.39,3.47,0.0,42.76,3.28,12.5,0.93,0.0,2024-12-31,5.25,-3.06,-2.6,0.3673,0.3707,0.2387,0.0812,0.2776,0,0.0000,2.08,3.17,0.2536,0.1431,1.589446576239476,Distress
CTAS,10.34,5.17,2.36,1.81,0.0,9.83,1.64,4.68,0.26,0.0,2025-05-31,2.17,-1.62,-0.62,0.5000,0.2282,0.1750,0.1841,0.3868,0,0.0000,0.496,1.674,0.3577,0.0480,1.8366815666327567,Grey
CTRA,5.46,2.0,1.39,1.12,0.0,21.62,1.14,13.12,2.04,0.0,2024-12-31,2.8,0.28,-1.76,0.3663,0.2546,0.2051,0.0518,0.0854,0,0.0000,1.408,1.392,0.1061,0.2579,1.2059524329324698,Distress
CTSH,19.74,6.78,3.03,2.24,0.0,19.97,3.58,14.41,2.23,0.0,2024-12-31,2.12,-0.92,-1.65,0.3435,0.1535,0.1135,0.1122,0.1554,0,0.0000,1.320,0.800,0.0555,0.0669,1.6290337255883824,Distress
CTVA,16.91,7.38,2.1,0.91,0.0,40.83,10.39,23.79,3.11,0.0,2024-12-31,2.14,-1.2,-0.59,0.4364,0.1242,0.0538,0.0223,0.0383,0,0.0000,0.472,1.668,0.0701,0.0279,0.9154196375214303,Distress
CVS,372.81,51.4,9.8,4.61,0.0,253.22,84.61,75.56,8.59,0.0,2024-12-31,9.11,-1.14,-7.61,0.1379,0.0263,0.0124,0.0182,0.0610,0,0.0000,6.088,3.022,0.0400,0.0163,1.599774756338362,Distress
CVX,193.41,56.93,18.92,17.66,0.0,256.94,38.56,152.32,6.78,0.0,2024-12-31,31.49,-23.47,-8.94,0.2943,0.0978,0.0913,0.0687,0.1159,0,0.0000,7.152,24.338,0.1598,0.0370,1.1071488113956565,Distress
CZR,11.24,5.83,2.28,-0.28,0.0,32.59,2.27,4.16,0.87,0.0,2024-12-31,1.08,-0.5,-0.7,0.5187,0.2028,-0.0249,-0.0086,-0.0673,0,0.0000,0.56,0.52,0.1250,0.0498,1.0461654372506903,Distress
DAL,61.64,16.56,6.0,3.46,0.0,75.37,26.67,15.29,3.07,0.0,2024-12-31,8.02,-4.26,-3.74,0.2687,0.0973,0.0561,0.0459,0.2263,0,0.0000,2.992,5.028,0.3288,0.0485,1.1878008929282209,Distress
DASH,10.72,5.18,-0.04,0.12,0.0,12.84,4.44,7.8,4.02,0.0,2024-12-31,2.13,-0.2,-0.44,0.4832,-0.0037,0.0112,0.0093,0.0154,0,0.0000,0.352,1.778,0.2279,0.0328,1.1983819003115264,Distress
DAY,1.76,0.81,0.1,0.02,0.0,9.12,5.31,2.55,0.58,0.0,2024-12-31,0.28,0.06,-0.47,0.4602,0.0568,0.0114,0.0022,0.0078,0,0.0000,0.376,-0.096,-0.0376,0.2136,0.4567382456140351,Distress
DD,12.39,4.51,1.83,0.7,0.0,36.64,4.8,23.35,1.85,0.0,2024-12-31,2.32,-1.85,-0.85,0.3640,0.1477,0.0565,0.0191,0.0300,0,0.0000,0.680,1.640,0.0702,0.0549,0.8861545414847161,Distress
DDOG,2.68,2.17,0.05,0.18,0.0,5.79,1.86,2.71,1.25,0.0,2024-12-31,0.87,0.79,-0.74,0.8097,0.0187,0.0672,0.0311,0.0664,0,0.0000,0.592,0.278,0.1026,0.2209,0.7836443696027633,Distress
DE,50.52,19.5,11.43,7.1,0.0,107.32,35.83,22.84,7.32,0.0,2024-10-31,9.23,-2.72,-6.46,0.3860,0.2262,0.1405,0.0662,0.3109,0,0.0000,5.168,4.062,0.1778,0.1023,1.299050383898621,Distress
DECK,4.99,2.89,1.18,0.97,0.0,3.57,0.77,2.51,1.89,0.0,2025-03-31,1.04,-0.58,-0.08,0.5792,0.2365,0.1944,0.2717,0.3865,0,0.0000,0.064,0.976,0.3888,0.0128,2.8135032212885154,Grey
DELL,95.57,21.25,6.24,4.59,0.0,79.75,46.53,-1.48,3.63,0.0,2025-01-31,4.52,-5.82,-2.22,0.2224,0.0653,0.0480,0.0576,-3.1014,0,-0.0000,1.776,2.744,-1.8541,0.0186,1.4684805956112852,Distress
DG,40.61,12.02,1.71,1.13,0.0,31.13,6.87,7.41,0.93,0.0,2025-01-31,3.0,-1.29,-1.31,0.2960,0.0421,0.0278,0.0363,0.1525,0,0.0000,1.048,1.952,0.2634,0.0258,1.4793090555734019,Distress
DGX,9.87,3.24,1.35,0.87,0.0,16.15,2.17,6.78,0.55,0.0,2024-12-31,1.33,1.08,-2.55,0.3283,0.1368,0.0881,0.0539,0.1283,0,0.0000,2.040,-0.710,-0.1047,0.2067,1.1034523839009287,Distress
DHI,36.8,9.54,5.94,4.76,0.0,36.1,2.04,25.31,4.52,0.0,2024-09-30,2.19,-1.36,-0.19,0.2592,0.1614,0.1293,0.1319,0.1881,0,0.0000,0.152,2.038,0.0805,0.0041,1.702259889196676,Distress
DHR,23.88,14.21,4.86,3.9,0.0,77.54,6.8,49.54,2.08,0.0,2024-12-31,6.69,-8.38,-1.98,0.5951,0.2035,0.1633,0.0503,0.0787,0,0.0000,1.584,5.106,0.1031,0.0663,1.011709917461955,Distress
DIS,91.36,32.66,11.91,4.97,0.0,196.22,34.6,100.7,6.0,0.0,2024-09-30,13.97,-15.29,-6.88,0.3575,0.1304,0.0544,0.0253,0.0494,0,0.0000,5.504,8.466,0.0841,0.0602,0.9326133442054836,Distress
DLR,5.55,3.04,0.76,0.6,0.0,45.28,4.63,21.34,3.87,0.0,2024-12-31,2.26,2.06,-1.91,0.5477,0.1369,0.1081,0.0133,0.0281,0,0.0000,1.528,0.732,0.0343,0.2753,0.6769025088339222,Distress
DLTR,17.58,6.29,1.46,-3.03,0.0,18.64,8.59,3.98,1.26,0.0,2025-01-31,2.86,-0.41,-1.7,0.3578,0.0830,-0.1724,-0.1626,-0.7613,0,0.0000,1.36,1.50,0.3769,0.0774,1.2981489270386266,Distress
DOC,2.7,1.63,0.47,0.24,0.0,19.94,0.88,8.4,0.12,0.0,2024-12-31,1.07,-0.94,-0.11,0.6037,0.1741,0.0889,0.0120,0.0286,0,0.0000,0.088,0.982,0.1169,0.0326,0.7171578836509529,Distress
DOV,7.75,2.96,1.21,2.7,0.0,12.51,2.2,6.95,1.84,0.0,2024-12-31,0.75,-1.27,1.96,0.3819,0.1561,0.3484,0.2158,0.3885,0,0.0000,0.0,0.75,0.1079,0.0000,1.3111331974420464,Distress
DOW,42.96,4.61,1.9,1.12,0.0,57.31,10.29,17.36,2.19,0.0,2024-12-31,2.91,-1.17,-2.37,0.1073,0.0442,0.0261,0.0195,0.0645,0,0.0000,1.896,1.014,0.0584,0.0441,0.9413232699354388,Distress
DPZ,4.71,1.85,0.88,0.58,0.0,1.74,1.61,-3.96,0.19,0.0,2024-12-31,0.62,-0.53,-0.03,0.3928,0.1868,0.1231,0.3333,-0.1465,0,-0.0000,0.024,0.596,-0.1505,0.0051,3.4543710344827585,Safe
DRI,12.08,2.64,1.44,1.05,0.0,12.59,2.25,2.31,0.24,0.0,2025-05-31,1.7,-0.39,-1.28,0.2185,0.1192,0.0869,0.0834,0.4545,0,0.0000,1.024,0.676,0.2926,0.0848,1.3757269579030977,Distress
DTE,12.46,4.34,2.2,1.4,0.0,48.85,5.11,11.7,0.02,0.0,2024-12-31,3.64,1.34,-4.95,0.3483,0.1766,0.1124,0.0287,0.1197,0,0.0000,3.960,-0.320,-0.0274,0.3178,0.8383378300921187,Distress
DUK,30.36,15.2,7.94,4.52,0.0,186.34,19.36,50.13,0.31,0.0,2024-12-31,12.33,0.86,-13.12,0.5007,0.2615,0.1489,0.0243,0.0902,0,0.0000,10.496,1.834,0.0366,0.3457,1.0278743318664807,Distress
DVA,12.82,4.22,1.95,0.94,0.0,17.29,2.97,0.12,0.79,0.0,2024-12-31,2.02,-0.82,-0.77,0.3292,0.1521,0.0733,0.0544,7.8333,0,0.0000,0.616,1.404,11.7000,0.0480,1.2982284384037017,Distress
DVN,15.94,4.71,4.14,2.89,0.0,30.49,3.31,14.5,0.85,0.0,2024-12-31,6.6,0.71,-7.33,0.2955,0.2597,0.1813,0.0948,0.1993,0,0.0000,5.864,0.736,0.0508,0.3679,1.4132579501475893,Distress
DXCM,4.03,2.44,0.6,0.58,0.0,6.48,2.93,2.1,0.61,0.0,2024-12-31,0.99,-0.73,-0.21,0.6055,0.1489,0.1439,0.0895,0.2762,0,0.0000,0.168,0.822,0.3914,0.0417,1.2262465432098764,Distress
EA,7.46,5.92,1.58,1.12,0.0,12.37,3.46,6.39,2.14,0.0,2025-03-31,2.08,-2.86,0.04,0.7936,0.2118,0.1501,0.0905,0.1753,0,0.0000,0.0,2.08,0.3255,0.0000,1.509610978172999,Distress
EBAY,10.28,7.4,2.32,1.98,0.0,19.36,6.1,5.16,2.43,0.0,2024-12-31,2.41,-3.81,2.21,0.7198,0.2257,0.1926,0.1023,0.3837,0,0.0000,0.0,2.41,0.4671,0.0000,1.4264215702479337,Distress
ECL,15.74,6.84,2.61,2.11,0.0,22.39,4.79,8.76,1.26,0.0,2024-12-31,2.81,-2.02,-0.43,0.4346,0.1658,0.1341,0.0942,0.2409,0,0.0000,0.344,2.466,0.2815,0.0219,1.3176625547119247,Distress
ED,15.26,8.17,2.73,1.82,0.0,70.56,6.43,21.96,1.32,0.0,2024-12-31,3.61,1.8,-5.27,0.5354,0.1789,0.1193,0.0258,0.0829,0,0.0000,4.216,-0.606,-0.0276,0.2763,0.829088820861678,Distress
EFX,5.68,3.16,1.04,0.6,0.0,11.76,1.81,4.8,0.17,0.0,2024-12-31,1.32,-0.85,-0.51,0.5563,0.1831,0.1056,0.0510,0.1250,0,0.0000,0.408,0.912,0.1900,0.0718,1.1045701360544218,Distress
EG,17.08,0.0,0.0,1.37,0.0,56.34,0.0,13.88,1.55,42.46,2024-12-31,4.96,-0.38,-4.48,0.0000,0.0000,0.0802,0.0243,0.0987,1.3269,3.0591,3.584,1.376,0.0991,0.2098,0.33617323393681225,Distress
EIX,17.6,7.22,2.93,1.55,0.0,85.58,8.44,15.56,0.19,0.0,2024-12-31,5.01,0.67,-5.54,0.4102,0.1665,0.0881,0.0181,0.0996,0,0.0000,4.432,0.578,0.0371,0.2518,0.7577697008646881,Distress
EL,14.33,10.6,1.14,-1.13,0.0,19.89,5.44,3.86,2.92,0.0,2025-06-30,1.27,-1.14,-0.62,0.7397,0.0796,-0.0789,-0.0568,-0.2927,0,0.0000,0.496,0.774,0.2005,0.0346,1.1593114731020613,Distress
ELV,176.81,0.0,0.0,5.98,0.0,116.89,0.0,41.32,8.29,75.46,2024-12-31,5.81,1.19,-5.17,0.0000,0.0000,0.0338,0.0512,0.1447,1.5490,1.8262,4.136,1.674,0.0405,0.0234,1.5977243562323553,Distress
EMN,9.38,2.29,1.38,0.9,0.0,15.21,2.71,5.78,0.84,0.0,2024-12-31,1.29,-0.45,-0.53,0.2441,0.1471,0.0959,0.0592,0.1557,0,0.0000,0.424,0.866,0.1498,0.0452,1.1684017291255753,Distress
EMR,17.49,8.88,2.67,1.97,0.0,44.25,5.74,21.64,3.59,0.0,2024-09-30,3.33,-2.46,-5.36,0.5077,0.1527,0.1126,0.0445,0.0910,0,0.0000,4.288,-0.958,-0.0443,0.2452,0.9965201694915253,Distress
ENPH,1.33,0.63,0.09,0.1,0.0,3.25,0.66,0.83,0.37,0.0,2024-12-31,0.51,-0.46,0.13,0.4737,0.0677,0.0752,0.0308,0.1205,0,0.0000,0.0,0.51,0.6145,0.0000,0.7692561538461538,Distress
EOG,23.38,15.98,8.25,6.4,0.0,47.19,5.35,29.35,7.09,0.0,2024-12-31,12.14,-4.36,-5.97,0.6835,0.3529,0.2737,0.1356,0.2181,0,0.0000,4.776,7.364,0.2509,0.2043,1.8403063848272938,Grey
EPAM,4.73,1.45,0.54,0.45,0.0,4.75,0.82,3.63,1.29,0.0,2024-12-31,0.56,-0.39,-0.88,0.3066,0.1142,0.0951,0.0947,0.1240,0,0.0000,0.704,-0.144,-0.0397,0.1488,1.6985442105263158,Distress
EQIX,8.75,4.28,1.62,0.82,0.0,35.08,3.35,13.53,3.08,0.0,2024-12-31,3.25,1.72,-3.94,0.4891,0.1851,0.0937,0.0234,0.0606,0,0.0000,3.152,0.098,0.0072,0.3602,0.9656190535917901,Distress
EQR,2.98,1.89,0.87,1.04,0.0,20.83,0.98,11.04,0.06,0.0,2024-12-31,1.57,-0.38,-1.18,0.6342,0.2919,0.3490,0.0499,0.0942,0,0.0000,0.944,0.626,0.0567,0.3168,1.1097894431108977,Distress
EQT,5.22,0.77,0.28,0.23,0.0,39.83,2.46,20.6,0.2,0.0,2024-12-31,2.83,-1.13,-1.58,0.1475,0.0536,0.0441,0.0058,0.0112,0,0.0000,1.264,1.566,0.0760,0.2421,0.31396260105448154,Distress
ERIE,3.86,0.0,0.0,0.6,0.0,2.89,0.0,1.99,0.27,0.9,2024-12-31,0.61,-0.23,-0.23,0.0000,0.0000,0.1554,0.2076,0.3015,3.2111,0.4523,0.184,0.426,0.2141,0.0477,1.447750865051903,Distress
ES,11.9,6.15,2.71,0.81,0.0,59.59,6.72,15.04,0.03,0.0,2024-12-31,2.16,2.34,-4.54,0.5168,0.2277,0.0681,0.0136,0.0539,0,0.0000,3.632,-1.472,-0.0979,0.3052,0.9517120641047156,Distress
ESS,1.77,1.21,0.53,0.74,0.0,12.93,0.53,5.54,0.07,0.0,2024-12-31,1.07,-0.42,-0.97,0.6836,0.2994,0.4181,0.0572,0.1336,0,0.0000,0.776,0.294,0.0531,0.4384,1.1314074709976798,Distress
ETN,24.88,9.5,4.63,3.79,0.0,38.38,7.86,18.49,0.56,0.0,2024-12-31,4.33,-3.94,-0.27,0.3818,0.1861,0.1523,0.0987,0.2050,0,0.0000,0.216,4.114,0.2225,0.0087,1.2798934184471078,Distress
ETR,11.88,5.74,2.76,1.06,0.0,64.79,6.11,15.12,0.86,0.0,2024-12-31,4.49,2.09,-5.85,0.4832,0.2323,0.0892,0.0164,0.0701,0,0.0000,4.680,-0.190,-0.0126,0.3939,0.9658800138910326,Distress
EVRG,5.85,3.03,1.47,0.87,0.0,32.28,3.66,9.96,0.02,0.0,2024-12-31,1.98,0.28,-2.26,0.5179,0.2513,0.1487,0.0270,0.0873,0,0.0000,1.808,0.172,0.0173,0.3091,1.0112602602230485,Distress
EW,5.44,4.32,1.48,4.17,0.0,13.06,1.51,10.0,3.05,0.0,2024-12-31,0.54,-0.98,2.31,0.7941,0.2721,0.7665,0.3193,0.4170,0,0.0000,0.0,0.54,0.0540,0.0000,1.5947140735068914,Distress
EXC,23.03,9.4,4.31,2.46,0.0,107.78,9.61,26.92,0.36,0.0,2024-12-31,5.57,1.31,-7.04,0.4082,0.1871,0.1068,0.0228,0.0914,0,0.0000,5.632,-0.062,-0.0023,0.2446,0.8351141714603822,Distress
EXE,4.22,1.14,-0.7,-0.71,0.0,27.89,3.12,17.57,0.32,0.0,2024-12-31,1.56,-0.42,-1.9,0.2701,-0.1659,-0.1682,-0.0255,-0.0404,0,0.0000,1.52,0.04,0.0023,0.3602,-0.38239291143779125,Distress
EXPD,10.6,1.35,1.04,0.81,0.0,4.75,2.07,2.22,1.15,0.0,2024-12-31,0.72,-1.03,-0.04,0.1274,0.0981,0.0764,0.1705,0.3649,0,0.0000,0.032,0.688,0.3099,0.0030,2.8458352631578947,Grey
EXPE,13.69,12.25,1.67,1.23,0.0,22.39,13.61,1.56,4.18,0.0,2024-12-31,3.08,-1.74,-1.26,0.8948,0.1220,0.0898,0.0549,0.7885,0,0.0000,1.008,2.072,1.3282,0.0736,1.238062259937472,Distress
EXR,3.26,2.35,1.4,0.85,0.0,28.85,1.78,13.95,0.14,0.0,2024-12-31,1.89,-0.2,-1.65,0.7209,0.4294,0.2607,0.0295,0.0609,0,0.0000,1.320,0.570,0.0409,0.4049,1.5358414904679376,Distress
F,184.99,15.51,5.22,5.88,0.0,285.2,106.86,44.84,22.94,0.0,2024-12-31,15.42,7.48,-24.37,0.0838,0.0282,0.0318,0.0206,0.1311,0,0.0000,19.496,-4.076,-0.0909,0.1054,0.8382142776998597,Distress
FANG,11.02,4.97,4.7,3.34,0.0,67.29,4.81,37.74,0.16,0.0,2024-12-31,6.41,4.39,-11.22,0.4510,0.4265,0.3031,0.0496,0.0885,0,0.0000,8.976,-2.566,-0.0680,0.8145,1.5740720835190962,Distress
FAST,7.55,3.4,1.51,1.15,0.0,4.7,0.69,3.62,0.26,0.0,2024-12-31,1.17,-0.91,-0.21,0.4503,0.2000,0.1523,0.2447,0.3177,0,0.0000,0.168,1.002,0.2768,0.0223,2.3327659574468087,Grey
FCX,25.46,7.66,6.86,1.89,0.0,54.85,5.5,17.58,3.92,0.0,2024-12-31,7.16,-3.28,-5.03,0.3009,0.2694,0.0742,0.0345,0.1075,0,0.0000,4.024,3.136,0.1784,0.1581,1.4389561896080216,Distress
FDS,0.0,0.0,0.0,0.0,0.0,4.06,0.67,1.91,0.42,0.0,2024-08-31,0.7,-0.56,-0.14,0,0,0,0.0000,0.0000,0,0.0000,0.112,0.588,0.3079,0,0.12413793103448276,Distress
FDX,87.93,19.0,5.99,4.09,0.0,87.63,15.41,28.07,5.5,0.0,2025-05-31,7.04,-4.02,-4.09,0.2161,0.0681,0.0465,0.0467,0.1457,0,0.0000,3.272,3.768,0.1342,0.0372,1.303470157480315,Distress
FE,13.47,9.1,2.38,0.98,0.0,52.04,5.0,12.46,0.11,0.0,2024-12-31,2.89,1.43,-4.35,0.6756,0.1767,0.0728,0.0188,0.0787,0,0.0000,3.480,-0.590,-0.0474,0.2584,0.8444858647194465,Distress
FFIV,2.82,2.26,0.67,0.57,0.0,5.61,1.49,3.13,1.07,0.0,2024-09-30,0.79,-0.46,-0.06,0.8014,0.2376,0.2021,0.1016,0.1821,0,0.0000,0.048,0.742,0.2371,0.0170,1.5156308021390374,Distress
FI,20.46,12.44,5.88,3.13,0.0,77.18,22.16,27.07,1.24,0.0,2024-12-31,6.63,-4.16,-2.4,0.6080,0.2874,0.1530,0.0406,0.1156,0,0.0000,1.92,4.71,0.1740,0.0938,1.2327941902047161,Distress
FICO,1.72,1.37,0.73,0.51,0.0,1.72,0.38,-0.96,0.15,0.0,2024-09-30,0.63,-0.59,-0.03,0.7965,0.4244,0.2965,0.2965,-0.5313,0,-0.0000,0.024,0.606,-0.6313,0.0140,2.5051711627906976,Grey
FIS,10.13,3.8,1.76,1.45,0.0,33.78,6.09,15.7,0.83,0.0,2024-12-31,2.17,-12.55,8.18,0.3751,0.1737,0.1431,0.0429,0.0924,0,0.0000,0.0,2.17,0.1382,0.0000,0.9025764890467733,Distress
FITB,8.25,0.0,0.0,2.31,0.0,212.93,0.0,19.64,3.01,193.28,2024-12-31,2.82,-3.99,1.04,0.0000,0.0000,0.2800,0.0108,0.1176,1.1017,9.8411,0.0,2.82,0.1436,0.0000,0.055708448785986006,Distress
FOX,16.3,0.0,3.23,2.26,0.0,23.2,2.9,11.96,5.35,0.0,2025-06-30,3.32,-1.76,-0.54,0.0000,0.1982,0.1387,0.0974,0.1890,0,0.0000,0.432,2.888,0.2415,0.0265,1.6333703448275863,Distress
FOXA,16.3,0.0,3.23,2.26,0.0,23.2,2.9,11.96,5.35,0.0,2025-06-30,3.32,-1.76,-0.54,0.0000,0.1982,0.1387,0.0974,0.1890,0,0.0000,0.432,2.888,0.2415,0.0265,1.6333703448275863,Distress
FRT,1.2,0.81,0.42,0.3,0.0,8.52,0.31,3.17,0.12,0.0,2024-12-31,0.57,-0.25,-0.45,0.6750,0.3500,0.2500,0.0352,0.0946,0,0.0000,0.360,0.210,0.0662,0.3000,1.3127464788732393,Distress
FSLR,4.21,1.86,1.39,1.29,0.0,12.12,2.08,7.98,1.62,0.0,2024-12-31,1.22,0.02,-1.56,0.4418,0.3302,0.3064,0.1064,0.1617,0,0.0000,1.248,-0.028,-0.0035,0.2964,1.5974157755775575,Distress
FTNT,5.96,4.8,1.8,1.75,0.0,9.76,4.06,1.49,2.88,0.0,2024-12-31,2.26,-0.05,-0.73,0.8054,0.3020,0.2936,0.1793,1.1745,0,0.0000,0.584,1.676,1.1248,0.0980,1.9613540983606557,Grey
FTV,6.23,3.73,1.14,0.83,0.0,17.02,2.24,10.19,0.81,0.0,2024-12-31,1.53,-0.79,-1.8,0.5987,0.1830,0.1332,0.0488,0.0815,0,0.0000,1.44,0.09,0.0088,0.2311,1.0270492361927146,Distress
GD,47.72,7.36,4.8,3.78,0.0,55.88,17.82,22.06,1.7,0.0,2024-12-31,4.11,-3.37,-0.95,0.1542,0.1006,0.0792,0.0676,0.1714,0,0.0000,0.760,3.350,0.1519,0.0159,1.2224595991410163,Distress
GDDY,4.57,2.92,0.93,0.94,0.0,8.24,2.7,0.69,1.09,0.0,2024-12-31,1.29,-0.68,0.02,0.6389,0.2035,0.2057,0.1141,1.3623,0,0.0000,0.0,1.29,1.8696,0.0000,1.3848995145631067,Distress
GE,38.7,14.39,6.76,6.56,0.0,123.14,34.39,19.34,13.62,0.0,2024-12-31,4.71,-6.73,-1.67,0.3718,0.1747,0.1695,0.0533,0.3392,0,0.0000,1.336,3.374,0.1745,0.0345,1.0235134107519896,Distress
GEHC,19.67,8.2,2.62,1.99,0.0,33.09,9.55,8.45,2.87,0.0,2024-12-31,1.95,-0.57,-0.91,0.4169,0.1332,0.1012,0.0601,0.2355,0,0.0000,0.728,1.222,0.1446,0.0370,1.1380791900876397,Distress
GEN,3.94,3.16,1.62,0.64,0.0,15.5,2.85,2.27,1.01,0.0,2025-03-31,1.22,-0.97,-0.1,0.8020,0.4112,0.1624,0.0413,0.2819,0,0.0000,0.08,1.14,0.5022,0.0203,1.6893470967741935,Distress
GEV,34.94,6.08,0.47,1.55,0.0,51.48,31.68,9.55,8.2,0.0,2024-12-31,2.58,3.65,-0.04,0.1740,0.0135,0.0444,0.0301,0.1623,0,0.0000,0.032,2.548,0.2668,0.0009,0.9144023698523698,Distress
GILD,28.75,22.5,10.5,0.48,0.0,59.0,12.0,19.33,9.99,0.0,2024-12-31,10.83,-3.43,-3.45,0.7826,0.3652,0.0167,0.0081,0.0248,0,0.0000,2.760,8.070,0.4175,0.0960,1.8956345762711864,Grey
GIS,19.49,6.73,3.29,2.3,0.0,33.07,7.86,9.2,0.36,0.0,2025-05-31,2.92,-1.18,-1.79,0.3453,0.1688,0.1180,0.0695,0.2500,0,0.0000,1.432,1.488,0.1617,0.0735,1.159459110976716,Distress
GL,5.78,0.0,0.0,1.07,0.0,29.08,0.0,5.31,0.17,23.77,2024-12-31,1.4,-0.72,-0.64,0.0000,0.0000,0.1851,0.0368,0.2015,1.2234,4.4765,0.512,0.888,0.1672,0.0886,0.20577716643741403,Distress
GLW,13.12,4.28,1.14,0.51,0.0,27.74,4.92,10.69,1.77,0.0,2024-12-31,1.94,-1.16,-0.74,0.3262,0.0869,0.0389,0.0184,0.0477,0,0.0000,0.592,1.348,0.1261,0.0451,0.8363013626532083,Distress
GM,187.44,23.4,12.78,6.01,0.0,279.76,96.26,63.07,19.87,0.0,2024-12-31,20.13,1.94,-20.52,0.1248,0.0682,0.0321,0.0215,0.0953,0,0.0000,16.416,3.714,0.0589,0.0876,0.9802930569059194,Distress
GNRC,4.3,1.67,0.54,0.33,0.0,5.11,1.03,2.49,0.28,0.0,2024-12-31,0.74,-0.45,-0.21,0.3884,0.1256,0.0767,0.0646,0.1325,0,0.0000,0.168,0.572,0.2297,0.0391,1.3217207045009784,Distress
GOOG,350.02,203.71,112.39,100.12,0.0,450.26,89.12,325.08,23.47,0.0,2024-12-31,125.3,-79.73,-45.54,0.5820,0.3211,0.2860,0.2224,0.3080,0,0.0000,36.432,88.868,0.2734,0.1041,1.8995535996979522,Grey
GOOGL,350.02,203.71,112.39,100.12,0.0,450.26,89.12,325.08,23.47,0.0,2024-12-31,125.3,-79.73,-45.54,0.5820,0.3211,0.2860,0.2224,0.3080,0,0.0000,36.432,88.868,0.2734,0.1041,1.8995535996979522,Grey
GPC,23.49,8.52,1.44,0.9,0.0,19.28,8.53,4.34,0.48,0.0,2024-12-31,1.25,-0.33,-1.51,0.3627,0.0613,0.0383,0.0467,0.2074,0,0.0000,1.208,0.042,0.0097,0.0514,1.4505265145228214,Distress
GRMN,6.3,3.7,1.59,1.41,0.0,9.63,1.51,7.85,2.08,0.0,2024-12-31,1.43,-0.63,-0.39,0.5873,0.2524,0.2238,0.1464,0.1796,0,0.0000,0.312,1.118,0.1424,0.0495,1.7463156386292833,Distress
GS,53.51,0.0,0.0,14.28,0.0,1675.97,0.0,122.0,182.09,1553.98,2024-12-31,-13.21,7.32,-49.62,0.0000,0.0000,0.2669,0.0085,0.1170,1.0785,12.7375,39.696,-52.906,-0.4337,0.7418,0.16230481452531964,Distress
GWW,17.17,6.76,2.64,1.91,0.0,8.83,2.31,3.36,1.04,0.0,2024-12-31,2.11,-1.18,-0.52,0.3937,0.1538,0.1112,0.2163,0.5685,0,0.0000,0.416,1.694,0.5042,0.0242,2.5933837146092866,Grey
HAL,22.94,4.3,3.94,2.5,0.0,25.59,6.05,10.51,2.62,0.0,2024-12-31,3.86,-1.73,-1.65,0.1874,0.1718,0.1090,0.0977,0.2379,0,0.0000,1.320,2.540,0.2417,0.0575,1.586244415787417,Distress
HAS,4.14,2.67,0.73,0.39,0.0,6.34,1.4,1.16,0.69,0.0,2024-12-31,0.85,-0.5,-0.2,0.6449,0.1763,0.0942,0.0615,0.3362,0,0.0000,0.16,0.69,0.5948,0.0386,1.365386214511041,Distress
HBAN,7.38,0.0,0.0,1.94,0.0,204.23,0.0,19.74,13.33,184.45,2024-12-31,1.82,13.02,-12.12,0.0000,0.0000,0.2629,0.0095,0.0983,1.1072,9.3440,9.696,-7.876,-0.3990,1.3138,0.11445918817020026,Distress
HCA,70.6,28.68,10.55,5.76,0.0,59.51,15.18,-2.5,1.93,0.0,2024-12-31,10.51,-4.58,-4.93,0.4062,0.1494,0.0816,0.0968,-2.3040,0,-0.0000,3.944,6.566,-2.6264,0.0559,1.7182930633506974,Distress
HD,159.51,53.31,21.53,14.81,0.0,96.12,28.66,6.64,1.66,0.0,2025-01-31,19.81,-0.69,-21.03,0.3342,0.1350,0.0928,0.1541,2.2304,0,0.0000,16.824,2.986,0.4497,0.1055,2.125712234706617,Grey
HIG,26.38,0.0,0.0,3.11,0.0,80.92,0.0,16.45,0.18,64.47,2024-12-31,5.91,-2.08,-3.77,0.0000,0.0000,0.1179,0.0384,0.1891,1.2552,3.9191,3.016,2.894,0.1759,0.1143,0.32867029164607015,Distress
HII,11.54,1.45,0.49,0.55,0.0,12.14,2.99,4.67,0.83,0.0,2024-12-31,0.39,0.36,-0.35,0.1256,0.0425,0.0477,0.0453,0.1178,0,0.0000,0.280,0.110,0.0236,0.0243,1.1728694398682042,Distress
HLT,11.17,3.06,2.37,1.54,0.0,16.52,4.7,-3.73,1.3,0.0,2024-12-31,2.01,-1.04,-0.45,0.2739,0.2122,0.1379,0.0932,-0.4129,0,-0.0000,0.360,1.650,-0.4424,0.0322,1.4708411138014528,Distress
HOLX,4.03,2.23,0.93,0.79,0.0,9.16,1.04,5.13,2.16,0.0,2024-09-30,1.29,-1.11,-0.78,0.5533,0.2308,0.1960,0.0862,0.1540,0,0.0000,0.624,0.666,0.1298,0.1548,1.4845657641921397,Distress
HON,38.5,14.66,7.66,5.7,0.0,75.2,21.26,18.62,10.57,0.0,2024-12-31,6.1,6.84,-10.16,0.3808,0.1990,0.1481,0.0758,0.3061,0,0.0000,8.128,-2.028,-0.1089,0.2111,1.3373382978723405,Distress
HPE,30.13,9.88,2.49,2.58,0.0,71.26,25.97,24.82,14.85,0.0,2024-10-31,4.34,6.28,-0.05,0.3279,0.0826,0.0856,0.0362,0.1039,0,0.0000,0.040,4.300,0.1732,0.0013,0.9454680157170923,Distress
HPQ,53.56,11.82,4.2,2.78,0.0,39.91,28.69,-1.32,3.24,0.0,2024-10-31,3.75,-3.08,-0.65,0.2207,0.0784,0.0519,0.0697,-2.1061,0,-0.0000,0.520,3.230,-2.4470,0.0097,1.6981587371586069,Distress
HRL,11.92,2.02,1.02,0.81,0.0,13.43,1.4,7.99,0.74,0.0,2024-10-31,1.27,-1.03,-0.24,0.1695,0.0856,0.0680,0.0603,0.1014,0,0.0000,0.192,1.078,0.1349,0.0161,1.2361657781087119,Distress
HSIC,12.67,4.02,0.73,0.39,0.0,10.22,2.8,3.39,0.12,0.0,2024-12-31,0.85,-0.51,-0.43,0.3173,0.0576,0.0308,0.0382,0.1150,0,0.0000,0.344,0.506,0.1493,0.0272,1.443896046966732,Distress
HST,5.68,3.03,0.77,0.7,0.0,13.05,1.4,6.61,0.55,0.0,2024-12-31,1.5,-0.01,-2.04,0.5335,0.1356,0.1232,0.0536,0.1059,0,0.0000,1.632,-0.132,-0.0200,0.2873,0.933303754789272,Distress
HSY,11.2,5.3,2.93,2.22,0.0,12.95,3.93,4.71,0.73,0.0,2024-12-31,2.53,-1.3,-0.96,0.4732,0.2616,0.1982,0.1714,0.4713,0,0.0000,0.768,1.762,0.3741,0.0686,1.7957896525096526,Distress
HUBB,5.63,1.9,1.09,0.78,0.0,6.68,1.27,3.27,0.33,0.0,2024-12-31,0.99,-0.92,-0.06,0.3375,0.1936,0.1385,0.1168,0.2385,0,0.0000,0.048,0.942,0.2881,0.0085,1.5409758083832334,Distress
HUM,117.76,0.0,0.0,1.21,0.0,46.48,0.0,16.38,2.22,30.03,2024-12-31,2.97,-2.49,-2.95,0.0000,0.0000,0.0103,0.0260,0.0739,1.5478,1.8333,2.360,0.610,0.0372,0.0200,2.5908777969018932,Grey
HWM,7.43,2.03,1.64,1.16,0.0,10.52,1.55,4.55,0.56,0.0,2024-12-31,1.3,-1.03,-0.32,0.2732,0.2207,0.1561,0.1103,0.2549,0,0.0000,0.256,1.044,0.2295,0.0345,1.4984620912547528,Distress
IBM,62.75,35.55,10.07,6.02,0.0,137.18,33.14,27.31,13.95,0.0,2024-12-31,13.44,-7.08,-4.94,0.5665,0.1605,0.0959,0.0439,0.2204,0,0.0000,3.952,9.488,0.3474,0.0630,1.1091076468873013,Distress
ICE,11.76,6.52,4.41,2.75,0.0,139.43,89.55,27.65,0.84,0.0,2024-12-31,4.61,0.08,-0.92,0.5544,0.3750,0.2338,0.0197,0.0995,0,0.0000,0.736,3.874,0.1401,0.0626,1.3290728322455712,Distress
IDXX,3.9,2.38,1.13,0.89,0.0,3.29,1.07,1.6,0.29,0.0,2024-12-31,0.93,-0.88,-0.21,0.6103,0.2897,0.2282,0.2705,0.5563,0,0.0000,0.168,0.762,0.4763,0.0431,2.2471954103343466,Grey
IEX,3.27,1.45,0.69,0.5,0.0,6.75,0.63,3.79,0.62,0.0,2024-12-31,0.67,0.47,-1.01,0.4434,0.2110,0.1529,0.0741,0.1319,0,0.0000,0.808,-0.138,-0.0364,0.2471,1.2909666666666666,Distress
IFF,11.48,4.12,0.85,0.24,0.0,28.67,4.33,13.88,0.47,0.0,2024-12-31,1.07,-1.61,0.33,0.3589,0.0740,0.0209,0.0084,0.0173,0,0.0000,0.0,1.07,0.0771,0.0000,0.6642906871294035,Distress
INCY,4.24,3.93,0.1,0.03,0.0,5.44,1.64,3.45,1.69,0.0,2024-12-31,0.34,-2.02,0.16,0.9269,0.0236,0.0071,0.0055,0.0087,0,0.0000,0.0,0.34,0.0986,0.0000,1.2300858823529413,Distress
INTC,53.1,17.34,-4.71,-18.76,0.0,196.48,35.67,99.27,8.25,0.0,2024-12-31,8.29,11.14,-18.26,0.3266,-0.0887,-0.3533,-0.0955,-0.1890,0,0.0000,14.608,-6.318,-0.0636,0.2751,0.027933322475570066,Distress
INTU,18.83,14.98,4.94,3.87,0.0,36.96,10.37,19.71,2.88,0.0,2025-07-31,6.21,-1.51,-2.32,0.7955,0.2623,0.2055,0.1047,0.1963,0,0.0000,1.856,4.354,0.2209,0.0986,1.4685661904761904,Distress
INVH,2.62,1.55,0.74,0.45,0.0,18.7,0.82,9.76,0.17,0.0,2024-12-31,1.08,-1.09,-0.47,0.5916,0.2824,0.1718,0.0241,0.0461,0,0.0000,0.376,0.704,0.0721,0.1435,1.0829360427807484,Distress
IP,18.62,5.24,0.48,0.56,0.0,22.8,4.26,8.17,1.17,0.0,2024-12-31,1.68,-0.78,-0.81,0.2814,0.0258,0.0301,0.0246,0.0685,0,0.0000,0.648,1.032,0.1263,0.0348,0.9633856140350877,Distress
IPG,10.69,1.82,1.43,0.69,0.0,18.33,9.76,3.8,2.19,0.0,2024-12-31,1.06,-1.02,-0.15,0.1703,0.1338,0.0645,0.0376,0.1816,0,0.0000,0.120,0.940,0.2474,0.0112,1.168108466993999,Distress
IQV,15.4,5.38,2.27,1.37,0.0,26.9,6.96,6.07,1.7,0.0,2024-12-31,2.72,-0.88,-1.44,0.3494,0.1474,0.0890,0.0509,0.2257,0,0.0000,1.152,1.568,0.2583,0.0748,1.1347471375464684,Distress
IR,7.24,3.17,1.45,0.84,0.0,18.01,1.82,10.18,1.54,0.0,2024-12-31,1.4,1.71,-3.11,0.4378,0.2003,0.1160,0.0466,0.0825,0,0.0000,2.488,-1.088,-0.1069,0.3436,1.1655985508051083,Distress
IRM,6.15,3.45,1.21,0.18,0.0,18.72,3.09,-0.5,0.16,0.0,2024-12-31,1.2,0.88,-2.14,0.5610,0.1967,0.0293,0.0096,-0.3600,0,-0.0000,1.712,-0.512,1.0240,0.2784,0.9878920512820513,Distress
ISRG,8.35,5.63,2.35,2.32,0.0,18.74,1.75,16.43,2.03,0.0,2024-12-31,2.42,0.15,-3.27,0.6743,0.2814,0.2778,0.1238,0.1412,0,0.0000,2.616,-0.196,-0.0119,0.3133,1.5041802988260404,Distress
IT,6.27,4.24,1.16,1.25,0.0,8.53,3.97,1.36,1.93,0.0,2024-12-31,1.48,-0.71,-0.1,0.6762,0.1850,0.1994,0.1465,0.9191,0,0.0000,0.08,1.40,1.0294,0.0128,1.6170650644783118,Distress
ITW,15.9,7.04,4.26,3.49,0.0,15.07,4.31,3.32,0.95,0.0,2024-12-31,3.28,-3.19,-0.14,0.4428,0.2679,0.2195,0.2316,1.0512,0,0.0000,0.112,3.168,0.9542,0.0070,2.0147932913072326,Grey
IVZ,6.07,2.03,0.83,0.77,0.0,27.01,0.83,14.56,1.5,0.0,2024-12-31,1.19,-1.66,0.07,0.3344,0.1367,0.1269,0.0285,0.0529,0,0.0000,0.0,1.19,0.0817,0.0000,0.742483565346168,Distress
J,11.5,2.83,0.69,0.81,0.0,11.76,4.08,4.55,1.14,0.0,2024-09-30,1.05,-0.75,-0.13,0.2461,0.0600,0.0704,0.0689,0.1780,0,0.0000,0.104,0.946,0.2079,0.0090,1.2922176870748299,Distress
JBHT,12.09,2.06,0.83,0.57,0.0,8.31,1.68,4.01,0.05,0.0,2024-12-31,1.48,-0.83,-0.66,0.1704,0.0687,0.0471,0.0686,0.1421,0,0.0000,0.528,0.952,0.2374,0.0437,1.6888038628158846,Distress
JCI,22.95,8.08,2.42,1.7,0.0,42.7,11.96,16.1,0.61,0.0,2024-09-30,2.1,-2.08,-0.22,0.3521,0.1054,0.0741,0.0398,0.1056,0,0.0000,0.176,1.924,0.1195,0.0077,0.9024335831381733,Distress
JKHY,2.38,1.01,0.57,0.46,0.0,3.04,0.54,2.13,0.1,0.0,2025-06-30,0.64,-0.35,-0.23,0.4244,0.2395,0.1933,0.1513,0.2160,0,0.0000,0.184,0.456,0.2141,0.0773,1.6127184210526315,Distress
JNJ,88.82,61.35,22.15,14.07,0.0,180.1,50.32,71.49,24.1,0.0,2024-12-31,24.27,-3.13,-18.6,0.6907,0.2494,0.1584,0.0781,0.1968,0,0.0000,14.88,9.39,0.1313,0.1675,1.4767679178234314,Distress
JPM,169.44,0.0,0.0,58.47,0.0,4002.81,0.0,344.76,469.32,3658.06,2024-12-31,-42.01,63.45,-163.4,0.0000,0.0000,0.3451,0.0146,0.1696,1.0942,10.6105,130.72,-172.73,-0.5010,0.7715,0.1830274232351773,Distress
K,12.75,4.54,1.87,1.34,0.0,15.63,4.66,3.78,0.69,0.0,2024-12-31,1.76,-0.61,-0.75,0.3561,0.1467,0.1051,0.0857,0.3545,0,0.0000,0.600,1.160,0.3069,0.0471,1.3528240115163146,Distress
KDP,15.35,8.53,3.31,1.44,0.0,53.43,8.09,24.24,0.51,0.0,2024-12-31,2.22,-0.22,-1.61,0.5557,0.2156,0.0938,0.0270,0.0594,0,0.0000,1.288,0.932,0.0384,0.0839,1.010226022833614,Distress
KEY,4.39,0.0,0.0,-0.16,0.0,187.17,0.0,18.18,1.74,168.99,2024-12-31,0.66,-2.36,2.5,0.0000,0.0000,-0.0364,-0.0009,-0.0088,1.1076,9.2954,0.0,0.66,0.0363,0.0000,0.034610247368702246,Distress
KEYS,4.98,3.13,0.83,0.61,0.0,9.27,1.43,5.11,1.8,0.0,2024-10-31,1.05,-0.91,-0.82,0.6285,0.1667,0.1225,0.0658,0.1194,0,0.0000,0.656,0.394,0.0771,0.1317,1.3203365372168283,Distress
KHC,25.85,8.97,5.35,2.74,0.0,88.29,7.25,49.18,1.33,0.0,2024-12-31,4.18,-3.01,-1.02,0.3470,0.2070,0.1060,0.0310,0.0557,0,0.0000,0.816,3.364,0.0684,0.0316,0.9939619322686599,Distress
KIM,2.04,1.4,0.66,0.41,0.0,20.31,0.29,10.65,0.69,0.0,2024-12-31,1.01,-0.78,-0.32,0.6863,0.3235,0.2010,0.0202,0.0385,0,0.0000,0.256,0.754,0.0708,0.1255,1.2087612259970457,Distress
KKR,21.64,3.84,0.93,3.08,0.0,360.1,53.07,23.65,14.88,0.0,2024-12-31,6.65,7.08,-19.05,0.1774,0.0430,0.1423,0.0086,0.1302,0,0.0000,15.240,-8.590,-0.3632,0.7043,0.25158064426548177,Distress
KLAC,12.16,7.4,5.01,4.06,0.0,16.07,4.09,4.69,2.08,0.0,2025-06-30,4.08,-3.79,-0.2,0.6086,0.4120,0.3339,0.2526,0.8657,0,0.0000,0.16,3.92,0.8358,0.0132,2.2716099564405723,Grey
KMB,20.06,7.18,3.31,2.54,0.0,16.55,7.0,0.84,1.02,0.0,2024-12-31,3.23,-3.17,-0.1,0.3579,0.1650,0.1266,0.1535,3.0238,0,0.0000,0.08,3.15,3.7500,0.0040,1.8305422960725077,Grey
KMI,15.1,8.41,4.38,2.61,0.0,71.41,5.1,30.53,0.09,0.0,2024-12-31,5.64,-2.89,-2.63,0.5570,0.2901,0.1728,0.0365,0.0855,0,0.0000,2.104,3.536,0.1158,0.1393,1.1702973715165943,Distress
KMX,26.35,2.9,-0.22,0.5,0.0,27.4,2.2,6.24,0.25,0.0,2025-02-28,0.62,-0.45,-0.46,0.1101,-0.0083,0.0190,0.0182,0.0801,0,0.0000,0.368,0.252,0.0404,0.0140,0.9452377372262774,Distress
KO,47.06,28.74,14.02,10.63,0.0,100.55,25.25,24.86,10.83,0.0,2024-12-31,6.8,-6.91,2.52,0.6107,0.2979,0.2259,0.1057,0.4276,0,0.0000,0.0,6.8,0.2735,0.0000,1.5803449875683737,Distress
KR,147.12,33.4,3.85,2.66,0.0,52.62,15.94,8.28,3.96,0.0,2025-01-31,5.79,-0.49,-3.23,0.2270,0.0262,0.0181,0.0506,0.3213,0,0.0000,2.584,3.206,0.3872,0.0176,2.9726629646522236,Grey
KVUE,15.46,8.96,2.64,1.03,0.0,25.6,5.74,9.67,1.07,0.0,2024-12-31,1.77,-1.56,-0.42,0.5796,0.1708,0.0666,0.0402,0.1065,0,0.0000,0.336,1.434,0.1483,0.0217,1.2177025000000001,Distress
L,17.24,0.0,0.0,1.41,0.0,81.94,0.0,17.07,0.54,64.01,2024-12-31,3.02,-0.9,-1.98,0.0000,0.0000,0.0818,0.0172,0.0826,1.2801,3.7499,1.584,1.436,0.0841,0.0919,0.2183060776177691,Distress
LDOS,16.66,2.8,1.82,1.25,0.0,13.1,3.65,4.41,0.94,0.0,2024-12-31,1.39,-1.08,-0.14,0.1681,0.1092,0.0750,0.0954,0.2834,0,0.0000,0.112,1.278,0.2898,0.0067,1.7182225954198476,Distress
LEN,35.44,5.5,4.85,3.93,0.0,41.31,1.84,27.87,4.91,0.0,2024-11-30,2.4,-3.68,-0.3,0.1552,0.1369,0.1109,0.0951,0.1410,0,0.0000,0.24,2.16,0.0775,0.0068,1.4523025587024934,Distress
LH,13.01,3.62,1.14,0.75,0.0,18.38,3.33,8.05,1.52,0.0,2024-12-31,1.59,0.78,-1.37,0.2782,0.0876,0.0576,0.0408,0.0932,0,0.0000,1.096,0.494,0.0614,0.0842,1.0961529053318824,Distress
LHX,21.32,5.52,2.08,1.5,0.0,42.0,7.63,19.51,0.62,0.0,2024-12-31,2.56,-2.22,-0.26,0.2589,0.0976,0.0704,0.0357,0.0769,0,0.0000,0.208,2.352,0.1206,0.0098,0.8474133333333334,Distress
LIN,33.01,15.86,8.6,6.56,0.0,80.15,14.54,38.09,4.85,0.0,2024-12-31,9.42,-4.36,-4.64,0.4805,0.2605,0.1987,0.0818,0.1722,0,0.0000,3.712,5.708,0.1499,0.1125,1.3441166250779788,Distress
LKQ,14.36,5.61,1.33,0.69,0.0,14.96,2.86,6.02,0.23,0.0,2024-12-31,1.12,-0.75,-0.41,0.3907,0.0926,0.0481,0.0461,0.1146,0,0.0000,0.328,0.792,0.1316,0.0228,1.2839222459893047,Distress
LLY,45.04,36.62,17.5,10.59,0.0,78.71,28.38,14.19,3.27,0.0,2024-12-31,8.82,1.23,-9.3,0.8131,0.3885,0.2351,0.1345,0.7463,0,0.0000,7.44,1.38,0.0973,0.1652,1.9041310570448482,Grey
LMT,71.04,6.93,7.01,5.34,0.0,55.62,19.42,6.33,2.48,0.0,2024-12-31,6.97,-4.14,-1.79,0.0976,0.0987,0.0752,0.0960,0.8436,0,0.0000,1.432,5.538,0.8749,0.0202,1.6564543365695792,Distress
LNT,3.98,1.78,0.89,0.69,0.0,22.71,2.72,7.0,0.08,0.0,2024-12-31,1.17,0.4,-1.55,0.4472,0.2236,0.1734,0.0304,0.0986,0,0.0000,1.240,-0.070,-0.0100,0.3116,0.917360405107882,Distress
LOW,83.67,27.88,10.47,6.96,0.0,43.1,18.76,-14.23,1.76,0.0,2025-01-31,9.62,-7.05,-1.74,0.3332,0.1251,0.0832,0.1615,-0.4891,0,-0.0000,1.392,8.228,-0.5782,0.0166,2.4031316241299305,Grey
LRCX,18.44,8.98,5.9,5.36,0.0,21.35,6.57,9.86,6.39,0.0,2025-06-30,6.17,-4.94,-0.71,0.4870,0.3200,0.2907,0.2511,0.5436,0,0.0000,0.568,5.602,0.5682,0.0308,2.278857142857143,Grey
LULU,10.59,6.27,2.51,1.81,0.0,7.6,1.84,4.32,1.98,0.0,2025-01-31,2.27,-1.65,-0.8,0.5921,0.2370,0.1709,0.2382,0.4190,0,0.0000,0.64,1.63,0.3773,0.0604,2.488152631578947,Grey
LUV,27.48,4.46,0.32,0.46,0.0,33.75,12.28,10.35,7.51,0.0,2024-12-31,0.46,-1.98,-0.26,0.1623,0.0116,0.0167,0.0136,0.0444,0,0.0000,0.208,0.252,0.0243,0.0076,1.1195244444444443,Distress
LVS,11.3,5.52,2.47,1.45,0.0,20.67,5.8,2.88,3.65,0.0,2024-12-31,3.2,-3.06,-1.58,0.4885,0.2186,0.1283,0.0701,0.5035,0,0.0000,1.264,1.936,0.6722,0.1119,1.4799673246250604,Distress
LW,6.45,1.4,0.77,0.36,0.0,7.39,1.48,1.74,0.07,0.0,2025-05-31,0.87,-0.22,-0.65,0.2171,0.1194,0.0558,0.0487,0.2069,0,0.0000,0.520,0.350,0.2011,0.0806,1.278187794316644,Distress
LYB,40.3,4.56,2.77,1.36,0.0,35.75,6.7,12.46,3.38,0.0,2024-12-31,3.82,-1.9,-1.85,0.1132,0.0687,0.0337,0.0380,0.1091,0,0.0000,1.480,2.340,0.1878,0.0367,1.4674372727272726,Distress
LYV,23.16,5.83,0.81,0.9,0.0,19.64,9.36,0.17,6.1,0.0,2024-12-31,1.73,-0.66,-0.85,0.2517,0.0350,0.0389,0.0458,5.2941,0,0.0000,0.680,1.050,6.1765,0.0294,1.6674348268839103,Distress
MA,28.17,21.49,16.33,12.87,0.0,48.08,19.22,6.48,8.44,0.0,2024-12-31,14.78,-10.84,-3.4,0.7629,0.5797,0.4569,0.2677,1.9861,0,0.0000,2.72,12.06,1.8611,0.0966,2.709557420965058,Grey
MAA,2.19,0.71,0.66,0.53,0.0,11.81,0.86,5.96,0.04,0.0,2024-12-31,1.1,-0.27,-0.83,0.3242,0.3014,0.2420,0.0449,0.0889,0,0.0000,0.664,0.436,0.0732,0.3032,1.1841204233700253,Distress
MAR,25.1,5.1,3.84,2.38,0.0,26.18,8.65,-2.99,0.4,0.0,2024-12-31,2.75,-1.96,-0.73,0.2032,0.1530,0.0948,0.0909,-0.7960,0,-0.0000,0.584,2.166,-0.7244,0.0233,1.4819817417876242,Distress
MAS,7.83,2.83,1.36,0.82,0.0,5.02,1.56,-0.28,0.63,0.0,2024-12-31,1.08,-1.02,-0.05,0.3614,0.1737,0.1047,0.1633,-2.9286,0,-0.0000,0.040,1.040,-3.7143,0.0051,2.2835685657370517,Grey
MCD,25.92,14.71,11.85,8.22,0.0,55.18,3.86,-3.8,1.08,0.0,2024-12-31,9.45,-7.5,-5.35,0.5675,0.4572,0.3171,0.1490,-2.1632,0,-0.0000,4.280,5.170,-1.3605,0.1651,2.0019821819499817,Grey
MCHP,4.4,2.47,0.38,-0.0,0.0,15.37,1.16,7.08,0.77,0.0,2025-03-31,0.9,-0.16,-0.29,0.5614,0.0864,-0.0000,-0.0000,-0.0000,0,0.0000,0.232,0.668,0.0944,0.0527,0.6315090696161354,Distress
MCK,359.05,13.32,4.82,3.3,0.0,75.14,61.6,-2.07,5.69,0.0,2025-03-31,6.08,-3.96,-0.73,0.0371,0.0134,0.0092,0.0439,-1.5942,0,-0.0000,0.584,5.496,-2.6551,0.0016,4.913504003194038,Safe
MCO,7.09,5.14,2.98,2.06,0.0,15.5,3.6,3.56,2.41,0.0,2024-12-31,2.84,-1.45,-1.06,0.7250,0.4203,0.2906,0.1329,0.5787,0,0.0000,0.848,1.992,0.5596,0.1196,2.03099,Grey
MDT,33.54,21.9,6.54,4.66,0.0,91.68,12.88,48.02,2.22,0.0,2025-04-30,7.04,-4.36,-1.94,0.6530,0.1950,0.1389,0.0508,0.0970,0,0.0000,1.552,5.488,0.1143,0.0463,1.038395287958115,Distress
MET,69.94,0.0,0.0,4.43,0.0,677.46,0.0,27.44,20.07,649.75,2024-12-31,14.6,-3.13,-11.49,0.0000,0.0000,0.0633,0.0065,0.1614,1.0426,23.6789,9.192,5.408,0.1971,0.1314,0.13878900599297375,Distress
META,164.5,134.34,69.38,62.36,0.0,276.05,33.6,182.64,43.89,0.0,2024-12-31,91.33,-40.78,-47.15,0.8167,0.4218,0.3791,0.2259,0.3414,0,0.0000,37.720,53.610,0.2935,0.2293,2.1786380619453,Grey
MGM,17.24,7.85,1.67,0.75,0.0,42.23,3.35,3.02,2.42,0.0,2024-12-31,2.36,-1.56,-1.28,0.4553,0.0969,0.0435,0.0178,0.2483,0,0.0000,1.024,1.336,0.4424,0.0594,0.7967768671560502,Distress
MHK,10.84,2.69,0.7,0.52,0.0,12.78,2.67,7.55,0.67,0.0,2024-12-31,1.13,-0.63,-0.45,0.2482,0.0646,0.0480,0.0407,0.0689,0,0.0000,0.360,0.770,0.1020,0.0332,1.1242911111111111,Distress
MKC,6.72,2.59,1.07,0.79,0.0,13.07,2.88,5.29,0.19,0.0,2024-11-30,0.92,-0.58,-0.27,0.3854,0.1592,0.1176,0.0604,0.1493,0,0.0000,0.216,0.704,0.1331,0.0321,1.0569590818668706,Distress
MKTX,0.82,0.56,0.34,0.27,0.0,1.79,0.26,1.39,0.54,0.0,2024-12-31,0.39,-0.2,-0.09,0.6829,0.4146,0.3293,0.1508,0.1942,0,0.0000,0.072,0.318,0.2288,0.0878,2.1882917318435755,Grey
MLM,6.54,1.88,2.76,2.0,0.0,18.17,1.02,9.45,0.67,0.0,2024-12-31,1.46,0.37,-2.44,0.2875,0.4220,0.3058,0.1101,0.2116,0,0.0000,1.952,-0.492,-0.0521,0.2985,1.7967827187671985,Distress
MMC,24.46,10.46,5.82,4.06,0.0,56.48,19.52,13.34,2.4,0.0,2024-12-31,4.3,4.46,-8.82,0.4276,0.2379,0.1660,0.0719,0.3043,0,0.0000,7.056,-2.756,-0.2066,0.2885,1.2691351558073654,Distress
MMM,24.58,10.13,4.82,4.17,0.0,39.87,11.26,3.84,5.6,0.0,2024-12-31,1.82,1.1,-3.21,0.4121,0.1961,0.1697,0.1046,1.0859,0,0.0000,2.568,-0.748,-0.1948,0.1045,1.432181417105593,Distress
MNST,7.49,4.05,1.93,1.51,0.0,7.72,1.1,5.96,1.53,0.0,2024-12-31,1.93,-3.33,0.73,0.5407,0.2577,0.2016,0.1956,0.2534,0,0.0000,0.0,1.93,0.3238,0.0000,2.0584410880829016,Grey
MO,20.44,14.37,11.63,11.26,0.0,35.18,8.78,-2.24,3.13,0.0,2024-12-31,8.75,-11.49,2.17,0.7030,0.5690,0.5509,0.3201,-5.0268,0,-0.0000,0.0,8.75,-3.9063,0.0000,2.5654771461057417,Grey
MOH,40.65,4.74,1.71,1.18,0.0,15.63,7.9,4.5,4.66,0.0,2024-12-31,0.64,-0.35,-0.46,0.1166,0.0421,0.0290,0.0755,0.2622,0,0.0000,0.368,0.272,0.0604,0.0091,3.0974712667946256,Safe
MOS,11.12,1.51,0.62,0.17,0.0,22.92,4.17,11.48,0.27,0.0,2024-12-31,1.3,-0.13,-1.26,0.1358,0.0558,0.0153,0.0074,0.0148,0,0.0000,1.008,0.292,0.0254,0.0906,0.6834419197207678,Distress
MPC,138.86,9.29,5.25,3.44,0.0,78.86,20.83,17.74,3.21,0.0,2024-12-31,8.66,-12.43,1.53,0.0669,0.0378,0.0248,0.0436,0.1939,0,0.0000,0.0,8.66,0.4882,0.0000,1.9344280547806239,Grey
MPWR,2.21,1.22,0.54,1.79,0.0,3.62,0.29,3.15,0.69,0.0,2024-12-31,0.79,-0.87,0.22,0.5520,0.2443,0.8100,0.4945,0.5683,0,0.0000,0.0,0.79,0.2508,0.0000,1.6454165193370165,Distress
MRK,64.17,48.98,20.22,17.12,0.0,117.11,28.42,46.31,13.24,0.0,2024-12-31,21.47,-7.03,-7.73,0.7633,0.3151,0.2668,0.1462,0.3697,0,0.0000,6.184,15.286,0.3301,0.0964,1.723443696524635,Distress
MRNA,3.2,1.74,-3.94,-3.56,0.0,14.14,2.21,10.9,1.93,0.0,2024-12-31,-3.0,0.06,1.95,0.5438,-1.2313,-1.1125,-0.2518,-0.3266,0,0.0000,0.0,-3.0,-0.2752,0.0000,-3.6731909900990103,Distress
MS,57.62,0.0,0.0,13.39,0.0,1215.07,0.0,104.51,75.74,1109.64,2024-12-31,1.36,46.76,-29.46,0.0000,0.0000,0.2324,0.0110,0.1281,1.0950,10.6175,23.568,-22.208,-0.2125,0.4090,0.12222176500119335,Distress
MSCI,2.86,2.34,1.53,1.11,0.0,5.45,1.59,-0.94,0.41,0.0,2024-12-31,1.5,-1.4,-0.14,0.8182,0.5350,0.3881,0.2037,-1.1809,0,-0.0000,0.112,1.388,-1.4766,0.0392,2.380545871559633,Grey
MSFT,281.72,193.89,128.53,101.83,0.0,619.0,141.22,343.48,30.24,0.0,2025-06-30,136.16,-51.7,-72.6,0.6882,0.4562,0.3615,0.1645,0.2965,0,0.0000,58.08,78.08,0.2273,0.2062,2.0192047495961223,Grey
MSI,10.82,5.51,2.69,1.58,0.0,14.6,5.06,1.7,2.1,0.0,2024-12-31,2.39,-1.45,-0.51,0.5092,0.2486,0.1460,0.1082,0.9294,0,0.0000,0.408,1.982,1.1659,0.0377,1.7340786301369862,Distress
MTB,9.23,0.0,0.0,2.59,0.0,208.1,0.0,29.03,20.78,179.08,2024-12-31,3.61,-2.88,-0.55,0.0000,0.0000,0.2806,0.0124,0.0892,1.1621,6.1688,0.440,3.170,0.1092,0.0477,0.16418068236424796,Distress
MTCH,3.48,2.49,0.9,0.55,0.0,4.47,0.55,-0.06,0.97,0.0,2024-12-31,0.93,-0.76,-0.06,0.7155,0.2586,0.1580,0.1230,-9.1667,0,-0.0000,0.048,0.882,-14.7000,0.0138,1.892306174496644,Grey
MTD,3.87,2.33,1.13,0.86,0.0,3.24,1.17,-0.13,0.06,0.0,2024-12-31,0.97,-0.86,-0.12,0.6021,0.2920,0.2222,0.2654,-6.6154,0,-0.0000,0.096,0.874,-6.7231,0.0248,2.1802666666666664,Grey
MU,25.11,5.61,1.25,0.78,0.0,69.42,9.25,45.13,7.04,0.0,2024-08-31,8.51,-1.84,-8.31,0.2234,0.0498,0.0311,0.0112,0.0173,0,0.0000,6.648,1.862,0.0413,0.2648,0.6477453586862576,Distress
NCLH,9.48,3.79,1.47,0.91,0.0,19.97,5.78,1.43,0.19,0.0,2024-12-31,2.05,-1.03,-1.23,0.3998,0.1551,0.0960,0.0456,0.6364,0,0.0000,0.984,1.066,0.7455,0.1038,0.997959193790686,Distress
NDAQ,7.4,2.99,1.95,1.12,0.0,30.4,7.9,11.19,0.59,0.0,2024-12-31,1.94,-2.56,-0.95,0.4041,0.2635,0.1514,0.0368,0.1001,0,0.0000,0.760,1.180,0.1055,0.1027,1.1362605263157894,Distress
NDSN,2.69,1.49,0.67,0.47,0.0,6.0,0.53,2.93,0.12,0.0,2024-10-31,0.56,0.29,-0.84,0.5539,0.2491,0.1747,0.0783,0.1604,0,0.0000,0.672,-0.112,-0.0382,0.2498,1.2943633333333333,Distress
NEE,24.75,14.87,7.13,6.95,0.0,190.14,25.36,50.1,1.49,0.0,2024-12-31,13.26,7.0,-22.26,0.6008,0.2881,0.2808,0.0366,0.1387,0,0.0000,17.808,-4.548,-0.0908,0.7195,1.090300842537078,Distress
NEM,18.68,7.14,5.91,3.35,0.0,56.35,7.54,29.93,3.62,0.0,2024-12-31,6.36,-2.95,-2.7,0.3822,0.3164,0.1793,0.0594,0.1119,0,0.0000,2.16,4.20,0.1403,0.1156,1.4527091748003549,Distress
NFLX,39.0,17.96,10.42,8.71,0.0,53.63,10.76,24.74,7.8,0.0,2024-12-31,7.36,-4.07,-2.18,0.4605,0.2672,0.2233,0.1624,0.3521,0,0.0000,1.744,5.616,0.2270,0.0447,1.7834941040462424,Distress
NI,5.46,2.81,1.46,0.76,0.0,31.79,4.11,8.68,0.16,0.0,2024-12-31,1.78,-0.65,-3.21,0.5147,0.2674,0.1392,0.0239,0.0876,0,0.0000,2.568,-0.788,-0.0908,0.4703,1.0602117584145958,Distress
NKE,46.31,19.79,3.7,3.22,0.0,36.58,10.57,13.21,7.46,0.0,2025-05-31,3.7,-5.82,-0.28,0.4273,0.0799,0.0695,0.0880,0.2438,0,0.0000,0.224,3.476,0.2631,0.0048,1.7743862383816293,Distress
NOC,41.03,8.36,4.37,4.17,0.0,49.36,14.13,15.29,4.35,0.0,2024-12-31,4.39,-1.4,-1.75,0.2038,0.1065,0.1016,0.0845,0.2727,0,0.0000,1.400,2.990,0.1956,0.0341,1.288443517017828,Distress
NOW,10.98,8.7,1.36,1.42,0.0,20.38,8.36,9.61,2.3,0.0,2024-12-31,4.27,-1.34,-2.5,0.7923,0.1239,0.1293,0.0697,0.1478,0,0.0000,2.00,2.27,0.2362,0.1821,1.0830603827281648,Distress
NRG,28.13,6.03,2.28,1.12,0.0,24.02,8.81,2.48,0.97,0.0,2024-12-31,2.31,-1.76,-0.02,0.2144,0.0811,0.0398,0.0466,0.4516,0,0.0000,0.016,2.294,0.9250,0.0006,1.4871970274771025,Distress
NSC,12.12,4.54,4.94,2.62,0.0,43.68,3.54,14.31,1.64,0.0,2024-12-31,4.05,-1.2,-2.78,0.3746,0.4076,0.2162,0.0600,0.1831,0,0.0000,2.224,1.826,0.1276,0.1835,1.6676074725274725,Distress
NTAP,6.57,4.61,1.42,1.19,0.0,10.82,4.66,1.04,2.74,0.0,2025-04-30,1.51,-0.83,0.15,0.7017,0.2161,0.1811,0.1100,1.1442,0,0.0000,0.0,1.51,1.4519,0.0000,1.6242205730129389,Distress
NTRS,8.29,0.0,0.0,2.03,0.0,155.51,0.0,12.79,45.4,142.72,2024-12-31,-0.49,3.44,-2.56,0.0000,0.0000,0.2449,0.0131,0.1587,1.0896,11.1587,2.048,-2.538,-0.1984,0.2470,0.4036396373223587,Distress
NUE,30.73,4.1,2.98,2.03,0.0,33.94,4.98,20.29,3.56,0.0,2024-12-31,3.98,-3.06,-3.73,0.1334,0.0970,0.0661,0.0598,0.1000,0,0.0000,2.984,0.996,0.0491,0.0971,1.3513905126694166,Distress
NVDA,130.5,97.86,81.45,72.88,0.0,111.6,18.05,79.33,8.59,0.0,2025-01-31,64.09,-42.36,-20.42,0.7499,0.6241,0.5585,0.6530,0.9187,0,0.0000,16.336,47.754,0.6020,0.1252,3.3212504301075265,Safe
NVR,10.54,2.69,1.99,1.68,0.0,6.38,1.15,4.21,2.61,0.0,2024-12-31,1.37,-1.9,-0.03,0.2552,0.1888,0.1594,0.2633,0.3990,0,0.0000,0.024,1.346,0.3197,0.0023,2.7659867084639496,Grey
NWS,8.45,0.0,0.96,1.18,0.0,15.5,2.61,8.77,2.4,0.0,2025-06-30,0.98,-0.52,-0.41,0.0000,0.1136,0.1396,0.0761,0.1345,0,0.0000,0.328,0.652,0.0743,0.0388,1.105847741935484,Distress
NWSA,8.45,0.0,0.96,1.18,0.0,15.5,2.61,8.77,2.4,0.0,2025-06-30,0.98,-0.52,-0.41,0.0000,0.1136,0.1396,0.0761,0.1345,0,0.0000,0.328,0.652,0.0743,0.0388,1.105847741935484,Distress
NXPI,12.61,7.12,3.47,2.51,0.0,24.38,3.1,9.18,3.03,0.0,2024-12-31,2.78,-2.66,-0.69,0.5646,0.2752,0.1990,0.1030,0.2734,0,0.0000,0.552,2.228,0.2427,0.0438,1.57452587366694,Distress
O,5.27,4.89,2.32,0.86,0.0,68.84,2.4,38.84,0.44,0.0,2024-12-31,3.57,-0.02,-3.34,0.9279,0.4402,0.1632,0.0125,0.0221,0,0.0000,2.672,0.898,0.0231,0.5070,1.5368842882045322,Distress
ODFL,5.81,2.02,1.54,1.19,0.0,5.49,0.54,4.24,0.11,0.0,2024-12-31,1.66,-1.23,-0.75,0.3477,0.2651,0.2048,0.2168,0.2807,0,0.0000,0.600,1.060,0.2500,0.1033,1.9571615118397085,Grey
OKE,21.7,7.25,5.06,3.04,0.0,64.07,4.72,17.04,0.73,0.0,2024-12-31,4.89,2.12,-6.61,0.3341,0.2332,0.1401,0.0474,0.1784,0,0.0000,5.288,-0.398,-0.0234,0.2437,1.1219246012174184,Distress
OMC,15.69,2.92,2.27,1.48,0.0,29.62,16.3,4.19,4.34,0.0,2024-12-31,1.73,-0.58,-1.06,0.1861,0.1447,0.0943,0.0500,0.3532,0,0.0000,0.848,0.882,0.2105,0.0540,1.1830467994598244,Distress
ON,7.08,3.22,1.9,1.57,0.0,14.09,1.33,8.8,2.69,0.0,2024-12-31,1.91,-0.68,-1.01,0.4548,0.2684,0.2218,0.1114,0.1784,0,0.0000,0.808,1.102,0.1252,0.1141,1.617302682753726,Distress
ORCL,57.4,40.47,18.05,12.44,0.0,168.36,32.64,20.45,10.79,0.0,2025-05-31,20.82,1.1,-21.71,0.7051,0.3145,0.2167,0.0739,0.6083,0,0.0000,17.368,3.452,0.1688,0.3026,1.4556927179852697,Distress
ORLY,16.71,8.55,3.25,2.39,0.0,14.89,8.28,-1.37,0.13,0.0,2024-12-31,3.05,-2.03,-1.17,0.5117,0.1945,0.1430,0.1605,-1.7445,0,-0.0000,0.936,2.114,-1.5431,0.0560,1.774556514439221,Distress
OTIS,14.26,4.26,2.05,1.64,0.0,11.32,7.75,-4.85,2.3,0.0,2024-12-31,1.56,-0.31,-0.16,0.2987,0.1438,0.1150,0.1449,-0.3381,0,-0.0000,0.128,1.432,-0.2953,0.0090,1.9780735689045938,Grey
OXY,26.72,9.55,5.59,3.06,0.0,85.44,9.52,34.16,2.13,0.0,2024-12-31,11.44,3.84,-14.59,0.3574,0.2092,0.1145,0.0358,0.0896,0,0.0000,11.672,-0.232,-0.0068,0.4368,1.0330098127340823,Distress
PANW,9.22,6.77,1.24,1.13,0.0,23.58,7.99,7.82,2.27,0.0,2025-07-31,3.72,-0.78,-2.2,0.7343,0.1345,0.1226,0.0479,0.1445,0,0.0000,1.76,1.96,0.2506,0.1909,0.9503809584393554,Distress
PAYC,1.88,1.55,0.63,0.5,0.0,5.86,3.91,1.58,0.4,0.0,2024-12-31,0.53,1.11,-0.02,0.8245,0.3351,0.2660,0.0853,0.3165,0,0.0000,0.016,0.514,0.3253,0.0085,1.508560375426621,Distress
PAYX,5.57,4.03,2.21,1.66,0.0,16.56,6.96,4.13,1.63,0.0,2025-05-31,1.9,2.29,-3.36,0.7235,0.3968,0.2980,0.1002,0.4019,0,0.0000,2.688,-0.788,-0.1908,0.4826,1.7639085990338164,Distress
PCAR,33.66,6.71,4.89,4.16,0.0,43.42,12.97,17.51,7.06,0.0,2024-12-31,4.64,-0.12,-4.49,0.1993,0.1453,0.1236,0.0958,0.2376,0,0.0000,3.592,1.048,0.0599,0.1067,1.4498262505757715,Distress
PCG,24.42,9.16,4.55,2.51,0.0,133.66,16.33,30.15,0.94,0.0,2024-12-31,8.04,3.62,-11.38,0.3751,0.1863,0.1028,0.0188,0.0833,0,0.0000,9.104,-1.064,-0.0353,0.3728,0.8059317028280711,Distress
PEG,10.29,3.54,2.36,1.77,0.0,54.64,6.5,14.0,0.12,0.0,2024-12-31,2.13,1.23,-3.31,0.3440,0.2293,0.1720,0.0324,0.1264,0,0.0000,2.648,-0.518,-0.0370,0.2573,0.9476490043923864,Distress
PEP,91.85,50.11,12.92,9.58,0.0,99.47,31.54,18.04,8.51,0.0,2024-12-31,12.51,-7.56,-5.47,0.5456,0.1407,0.1043,0.0963,0.5310,0,0.0000,4.376,8.134,0.4509,0.0476,1.490368107972253,Distress
PFE,63.63,45.78,14.83,8.03,0.0,213.4,43.0,88.2,1.04,0.0,2024-12-31,12.74,-17.14,2.65,0.7195,0.2331,0.1262,0.0376,0.0910,0,0.0000,0.0,12.74,0.1444,0.0000,1.073250618556701,Distress
PFG,16.13,0.0,0.0,1.57,0.0,313.66,0.0,11.09,4.21,302.19,2024-12-31,4.6,0.3,-5.4,0.0000,0.0000,0.0973,0.0050,0.1416,1.0380,27.2489,4.32,0.28,0.0252,0.2678,0.06753172224701906,Distress
PG,84.28,43.12,20.45,15.97,0.0,125.23,36.06,52.01,9.56,0.0,2025-06-30,17.82,-14.04,-3.82,0.5116,0.2426,0.1895,0.1275,0.3071,0,0.0000,3.056,14.764,0.2839,0.0363,1.565189119220634,Distress
PGR,75.34,0.0,0.0,8.48,0.0,105.74,0.0,25.59,0.14,80.15,2024-12-31,15.12,-1.32,-13.75,0.0000,0.0000,0.1126,0.0802,0.3314,1.3193,3.1321,11.000,4.120,0.1610,0.1460,0.7140911670134291,Distress
PH,19.85,7.32,4.06,3.53,0.0,29.49,5.82,13.68,0.47,0.0,2025-06-30,3.78,-3.98,0.22,0.3688,0.2045,0.1778,0.1197,0.2580,0,0.0000,0.0,3.78,0.2763,0.0000,1.3670846558155305,Distress
PHM,17.95,5.22,3.89,3.08,0.0,17.36,1.5,12.12,1.61,0.0,2024-12-31,1.68,-1.78,-0.09,0.2908,0.2167,0.1716,0.1774,0.2541,0,0.0000,0.072,1.608,0.1327,0.0040,1.8603864976958526,Grey
PKG,8.38,1.78,1.17,0.81,0.0,8.83,1.0,4.4,0.68,0.0,2024-12-31,1.19,-0.88,-0.28,0.2124,0.1396,0.0967,0.0917,0.1841,0,0.0000,0.224,0.966,0.2195,0.0267,1.502129603624009,Distress
PLD,8.2,6.14,3.1,3.73,0.0,95.33,2.64,53.95,1.32,0.0,2024-12-31,4.91,-1.0,-3.1,0.7488,0.3780,0.4549,0.0391,0.0691,0,0.0000,2.48,2.43,0.0450,0.3024,1.3500329591943772,Distress
PLTR,2.87,2.3,0.31,0.46,0.0,6.34,1.0,5.0,2.1,0.0,2024-12-31,1.15,0.46,-0.34,0.8014,0.1080,0.1603,0.0726,0.0920,0,0.0000,0.272,0.878,0.1756,0.0948,1.2065577287066247,Distress
PM,37.88,24.55,13.4,7.06,0.0,61.78,22.92,-11.75,4.22,0.0,2024-12-31,12.22,-9.48,-1.09,0.6481,0.3537,0.1864,0.1143,-0.6009,0,-0.0000,0.872,11.348,-0.9658,0.0230,1.8623216866299774,Grey
PNC,20.81,0.0,0.0,5.89,0.0,560.04,0.0,54.42,46.25,505.57,2024-12-31,7.88,-9.12,-3.23,0.0000,0.0000,0.2830,0.0105,0.1082,1.1077,9.2902,2.584,5.296,0.0973,0.1242,0.13625812441968432,Distress
PNR,4.08,1.6,0.9,0.63,0.0,6.45,0.9,3.56,0.12,0.0,2024-12-31,0.77,-0.64,-0.19,0.3922,0.2206,0.1544,0.0977,0.1770,0,0.0000,0.152,0.618,0.1736,0.0373,1.3828637209302324,Distress
PNW,5.12,2.14,1.01,0.61,0.0,26.1,2.84,6.75,0.0,0.0,2024-12-31,1.61,0.32,-1.93,0.4180,0.1973,0.1191,0.0234,0.0904,0,0.0000,1.544,0.066,0.0098,0.3016,0.8472585823754789,Distress
PODD,2.07,1.45,0.31,0.42,0.0,3.09,0.53,1.21,0.95,0.0,2024-12-31,0.43,-0.03,-0.15,0.7005,0.1498,0.2029,0.1359,0.3471,0,0.0000,0.120,0.310,0.2562,0.0580,1.5331749514563107,Distress
POOL,5.31,1.58,0.62,0.43,0.0,3.37,0.84,1.27,0.08,0.0,2024-12-31,0.66,-0.58,-0.07,0.2976,0.1168,0.0810,0.1276,0.3386,0,0.0000,0.056,0.604,0.4756,0.0105,1.989594302670623,Grey
PPG,15.84,6.59,2.29,1.12,0.0,19.43,5.01,6.78,1.27,0.0,2024-12-31,1.42,-1.42,0.11,0.4160,0.1446,0.0707,0.0576,0.1652,0,0.0000,0.0,1.42,0.2094,0.0000,1.3708495831188883,Distress
PPL,8.46,3.39,1.74,0.89,0.0,41.07,3.33,14.08,0.31,0.0,2024-12-31,2.34,0.44,-2.82,0.4007,0.2057,0.1052,0.0217,0.0632,0,0.0000,2.256,0.084,0.0060,0.2667,0.8938574799123448,Distress
PRU,70.68,0.0,0.0,2.73,0.0,735.59,0.0,27.87,18.5,705.46,2024-12-31,8.5,19.39,-28.58,0.0000,0.0000,0.0386,0.0037,0.0980,1.0427,25.3125,22.864,-14.364,-0.5154,0.3235,0.12626599056539647,Distress
PSA,4.7,3.44,2.2,2.07,0.0,19.75,0.59,9.71,0.45,0.0,2024-12-31,3.13,-2.08,-1.0,0.7319,0.4681,0.4404,0.1048,0.2132,0,0.0000,0.80,2.33,0.2400,0.1702,1.8100464556962024,Grey
PSKY,29.21,8.66,1.61,-6.19,0.0,46.17,9.63,16.32,2.66,0.0,2024-12-31,0.75,-0.51,0.01,0.2965,0.0551,-0.2119,-0.1341,-0.3793,0,0.0000,0.0,0.75,0.0460,0.0000,0.8836277041368854,Distress
PSX,143.15,10.83,1.75,2.12,0.0,72.58,15.09,27.41,1.74,0.0,2024-12-31,4.19,-3.3,-2.46,0.0757,0.0122,0.0148,0.0292,0.0773,0,0.0000,1.968,2.222,0.0811,0.0137,2.041334676219344,Grey
PTC,2.3,1.85,0.59,0.38,0.0,6.38,1.67,3.21,0.27,0.0,2024-09-30,0.75,-0.65,-0.12,0.8043,0.2565,0.1652,0.0596,0.1184,0,0.0000,0.096,0.654,0.2037,0.0417,1.2577352664576802,Distress
PWR,23.67,3.51,1.3,0.9,0.0,18.68,6.03,7.32,0.74,0.0,2024-12-31,2.08,-0.31,-2.29,0.1483,0.0549,0.0380,0.0482,0.1230,0,0.0000,1.832,0.248,0.0339,0.0774,1.4958380942184153,Distress
PYPL,31.8,14.66,5.76,4.15,0.0,81.61,48.38,20.42,6.56,0.0,2024-12-31,7.45,-8.28,1.59,0.4610,0.1811,0.1305,0.0509,0.2032,0,0.0000,0.0,7.45,0.3648,0.0000,1.0837468974390392,Distress
QCOM,38.96,21.9,10.07,10.14,0.0,55.15,10.5,26.27,7.85,0.0,2024-09-30,12.2,-9.27,-3.62,0.5621,0.2585,0.2603,0.1839,0.3860,0,0.0000,2.896,9.304,0.3542,0.0743,1.7302938803263825,Distress
RCL,16.48,7.83,4.11,2.88,0.0,37.07,9.82,7.56,0.39,0.0,2024-12-31,5.26,-1.92,-3.45,0.4751,0.2494,0.1748,0.0777,0.3810,0,0.0000,2.760,2.500,0.3307,0.1675,1.2802091016994874,Distress
REG,1.45,1.02,0.51,0.4,0.0,12.39,0.46,6.72,0.06,0.0,2024-12-31,0.79,-0.49,-0.33,0.7034,0.3517,0.2759,0.0323,0.0595,0,0.0000,0.264,0.526,0.0783,0.1821,1.2834510008071023,Distress
REGN,14.2,12.23,3.99,4.41,0.0,37.76,3.94,29.35,2.49,0.0,2024-12-31,4.42,-2.2,-2.47,0.8613,0.2810,0.3106,0.1168,0.1503,0,0.0000,1.976,2.444,0.0833,0.1392,1.3824906779661017,Distress
RF,7.08,0.0,0.0,1.89,0.0,157.3,0.0,17.88,10.71,139.39,2024-12-31,1.6,2.58,-0.26,0.0000,0.0000,0.2669,0.0120,0.1057,1.1285,7.7959,0.208,1.392,0.0779,0.0294,0.12671328671328672,Distress
RJF,12.64,0.0,0.0,2.07,0.0,82.99,0.0,11.67,11.0,71.32,2024-09-30,2.15,0.44,-0.97,0.0000,0.0000,0.1638,0.0249,0.1774,1.1636,6.1114,0.776,1.374,0.1177,0.0614,0.3113628147969635,Distress
RL,7.08,4.85,0.99,0.74,0.0,7.05,2.13,2.59,1.92,0.0,2025-03-31,1.24,-0.7,-0.26,0.6850,0.1398,0.1045,0.1050,0.2857,0,0.0000,0.208,1.032,0.3985,0.0294,1.792403829787234,Distress
RMD,5.15,3.05,1.69,1.4,0.0,8.17,1.02,5.97,1.21,0.0,2025-06-30,1.75,-0.61,-0.2,0.5922,0.3282,0.2718,0.1714,0.2345,0,0.0000,0.16,1.59,0.2663,0.0311,1.8911383353733169,Grey
ROK,8.26,3.19,1.19,0.95,0.0,11.23,3.6,3.5,0.47,0.0,2024-09-30,0.86,-0.5,-0.98,0.3862,0.1441,0.1150,0.0846,0.2714,0,0.0000,0.784,0.076,0.0217,0.0949,1.2612824487978629,Distress
ROL,3.39,1.79,0.66,0.47,0.0,2.82,0.65,1.33,0.09,0.0,2024-12-31,0.61,-0.44,-0.18,0.5280,0.1947,0.1386,0.1667,0.3534,0,0.0000,0.144,0.466,0.3504,0.0425,1.8829355319148937,Grey
ROP,7.04,4.88,2.0,1.55,0.0,31.33,3.83,18.87,0.19,0.0,2024-12-31,2.39,1.07,-3.47,0.6932,0.2841,0.2202,0.0495,0.0821,0,0.0000,2.776,-0.386,-0.0205,0.3943,1.1695121257580594,Distress
ROST,21.13,5.87,2.59,2.09,0.0,14.91,4.66,5.51,4.73,0.0,2025-01-31,2.36,-1.86,-0.64,0.2778,0.1226,0.0989,0.1402,0.3793,0,0.0000,0.512,1.848,0.3354,0.0242,2.202433789403085,Grey
RSG,16.03,6.68,3.22,2.04,0.0,32.4,4.13,11.4,0.07,0.0,2024-12-31,3.94,-1.4,-2.56,0.4167,0.2009,0.1273,0.0630,0.1789,0,0.0000,2.048,1.892,0.1660,0.1278,1.1603156790123457,Distress
RTX,80.74,15.41,6.54,4.77,0.0,162.86,51.5,60.16,5.58,0.0,2024-12-31,7.16,-6.62,-1.53,0.1909,0.0810,0.0591,0.0293,0.0793,0,0.0000,1.224,5.936,0.0987,0.0152,0.804178300380695,Distress
RVTY,2.76,1.54,0.35,0.27,0.0,12.39,0.65,7.67,1.16,0.0,2024-12-31,0.63,-1.13,0.78,0.5580,0.1268,0.0978,0.0218,0.0352,0,0.0000,0.0,0.63,0.0821,0.0000,0.7535489588377724,Distress
SBAC,2.68,2.1,1.57,0.75,0.0,11.42,1.8,-5.11,0.19,0.0,2024-12-31,1.33,0.65,-0.81,0.7836,0.5858,0.2799,0.0657,-0.1468,0,-0.0000,0.648,0.682,-0.1335,0.2418,2.1877809807355515,Grey
SCHW,19.61,0.0,0.0,5.94,0.0,479.84,0.0,48.38,42.08,431.47,2024-12-31,2.67,-47.06,35.43,0.0000,0.0000,0.3029,0.0124,0.1228,1.1121,8.9184,0.0,2.67,0.0552,0.0000,0.14610286762254085,Distress
SHW,23.1,11.2,3.76,2.68,0.0,23.63,6.81,4.05,0.21,0.0,2024-12-31,3.15,-2.02,-1.2,0.4848,0.1628,0.1160,0.1134,0.6617,0,0.0000,0.96,2.19,0.5407,0.0416,1.525475294117647,Distress
SJM,8.73,3.38,1.65,-1.23,0.0,17.56,2.65,6.08,0.07,0.0,2025-04-30,1.21,-1.1,-0.1,0.3872,0.1890,-0.1409,-0.0700,-0.2023,0,0.0000,0.08,1.13,0.1859,0.0092,1.1256362186788154,Distress
SLB,36.29,7.46,6.33,4.46,0.0,48.94,12.81,21.13,3.54,0.0,2024-12-31,6.6,-2.77,-3.14,0.2056,0.1744,0.1229,0.0911,0.2111,0,0.0000,2.512,4.088,0.1935,0.0692,1.403840392317123,Distress
SMCI,21.97,2.43,1.25,1.05,0.0,14.02,2.34,6.3,5.17,0.0,2025-06-30,1.66,2.02,-0.18,0.1106,0.0569,0.0478,0.0749,0.1667,0,0.0000,0.144,1.516,0.2406,0.0066,2.197327774607703,Grey
SNA,5.11,2.65,1.35,1.04,0.0,7.9,0.96,5.39,1.36,0.0,2024-12-31,1.22,-0.65,-0.2,0.5186,0.2642,0.2035,0.1316,0.1929,0,0.0000,0.16,1.06,0.1967,0.0313,1.7252777215189874,Distress
SNPS,6.13,4.88,1.36,2.26,0.0,13.07,2.65,8.99,3.9,0.0,2024-10-31,1.41,-0.18,1.22,0.7961,0.2219,0.3687,0.1729,0.2514,0,0.0000,0.0,1.41,0.1568,0.0000,1.5593549273144602,Distress
SO,26.72,13.34,7.07,4.4,0.0,145.18,15.99,33.21,1.07,0.0,2024-12-31,9.79,-0.21,-9.4,0.4993,0.2646,0.1647,0.0303,0.1325,0,0.0000,7.52,2.27,0.0684,0.2814,1.0660715828626532,Distress
SOLV,8.25,4.59,1.04,0.48,0.0,14.46,2.7,2.96,0.76,0.0,2024-12-31,1.18,-0.24,-0.38,0.5564,0.1261,0.0582,0.0332,0.1622,0,0.0000,0.304,0.876,0.2959,0.0368,1.049739958506224,Distress
SPG,5.96,4.92,3.09,2.37,0.0,32.41,3.4,2.94,1.4,0.0,2024-12-31,3.81,-4.99,1.41,0.8255,0.5185,0.3977,0.0731,0.8061,0,0.0000,0.0,3.81,1.2959,0.0000,1.9467797130515272,Grey
SPGI,14.21,9.82,5.48,3.85,0.0,60.22,6.39,33.16,1.67,0.0,2024-12-31,5.69,-5.0,-0.26,0.6911,0.3856,0.2709,0.0639,0.1161,0,0.0000,0.208,5.482,0.1653,0.0146,1.541726097641979,Distress
SRE,13.18,6.09,2.96,2.86,0.0,96.16,9.68,31.24,1.56,0.0,2024-12-31,4.91,5.42,-9.12,0.4621,0.2246,0.2170,0.0297,0.0915,0,0.0000,7.296,-2.386,-0.0764,0.5536,0.89771078202995,Distress
STE,5.46,2.4,0.96,0.61,0.0,10.15,1.02,6.6,0.17,0.0,2025-03-31,1.15,-1.57,0.39,0.4396,0.1758,0.1117,0.0601,0.0924,0,0.0000,0.0,1.15,0.1742,0.0000,1.1381695566502463,Distress
STLD,17.54,2.8,2.11,1.54,0.0,14.94,2.15,8.93,0.59,0.0,2024-12-31,1.84,-1.35,-1.3,0.1596,0.1203,0.0878,0.1031,0.1725,0,0.0000,1.04,0.80,0.0896,0.0593,1.6184090093708166,Distress
STT,12.92,0.0,0.0,2.69,0.0,353.24,0.0,25.33,116.1,327.91,2024-12-31,-13.21,51.79,-39.48,0.0000,0.0000,0.2082,0.0076,0.1062,1.0772,12.9455,31.584,-44.794,-1.7684,2.4446,0.4309817687691089,Distress
STX,9.1,3.2,1.92,1.47,0.0,8.02,2.65,-0.45,0.89,0.0,2025-06-30,1.08,-1.27,-0.28,0.3516,0.2110,0.1615,0.1833,-3.2667,0,-0.0000,0.224,0.856,-1.9022,0.0246,1.9641304239401496,Grey
STZ,10.21,5.31,3.36,-0.08,0.0,21.65,4.04,6.88,0.07,0.0,2025-02-28,3.15,-2.26,-0.97,0.5201,0.3291,-0.0078,-0.0037,-0.0116,0,0.0000,0.776,2.374,0.3451,0.0760,1.5615034411085449,Distress
SW,21.11,4.2,1.4,0.32,0.0,43.76,7.33,17.36,0.86,0.0,2024-12-31,1.48,0.61,-2.11,0.1990,0.0663,0.0152,0.0073,0.0184,0,0.0000,1.688,-0.208,-0.0120,0.0800,0.7247772029250457,Distress
SWK,15.37,4.51,1.18,0.29,0.0,21.85,4.92,8.72,0.29,0.0,2024-12-31,1.11,-1.56,0.39,0.2934,0.0768,0.0189,0.0133,0.0333,0,0.0000,0.0,1.11,0.1273,0.0000,0.9727992677345537,Distress
SWKS,4.18,1.72,0.79,0.6,0.0,8.28,0.6,6.34,1.37,0.0,2024-09-30,1.82,-0.82,-0.36,0.4115,0.1890,0.1435,0.0725,0.0946,0,0.0000,0.288,1.532,0.2416,0.0689,1.3270816425120773,Distress
SYF,16.12,0.0,0.0,3.5,0.0,119.46,0.0,16.58,14.71,102.88,2024-12-31,9.85,-0.61,-8.9,0.0000,0.0000,0.2171,0.0293,0.2111,1.1612,6.2051,7.12,2.73,0.1647,0.4417,0.2827055081198727,Distress
SYK,22.6,14.44,4.67,2.99,0.0,42.97,7.62,20.63,3.65,0.0,2024-12-31,4.24,-0.52,-3.0,0.6389,0.2066,0.1323,0.0696,0.1449,0,0.0000,2.40,1.84,0.0892,0.1062,1.3096599162206188,Distress
SYY,81.37,14.97,3.09,1.83,0.0,26.77,9.92,1.83,1.07,0.0,2025-06-30,2.51,-1.41,-0.72,0.1840,0.0380,0.0225,0.0684,1.0000,0,0.0000,0.576,1.934,1.0568,0.0071,3.21296070227867,Safe
T,122.34,73.11,24.12,10.95,0.0,394.8,46.87,104.37,3.3,0.0,2024-12-31,38.77,-24.71,-17.49,0.5976,0.1972,0.0895,0.0277,0.1049,0,0.0000,13.992,24.778,0.2374,0.1144,0.9706688145896655,Distress
TAP,11.63,4.53,1.82,1.12,0.0,26.06,3.05,13.09,0.97,0.0,2024-12-31,1.91,-1.14,-0.65,0.3895,0.1565,0.0963,0.0430,0.0856,0,0.0000,0.520,1.390,0.1062,0.0447,1.0073939754412893,Distress
TDG,7.94,4.67,3.58,1.71,0.0,25.59,6.34,-6.29,6.26,0.0,2024-09-30,2.04,3.17,-2.44,0.5882,0.4509,0.2154,0.0668,-0.2719,0,-0.0000,1.952,0.088,-0.0140,0.2458,2.091799620945682,Grey
TDY,5.67,2.43,1.04,0.82,0.0,14.2,1.26,9.55,0.65,0.0,2024-12-31,1.19,-0.95,-0.21,0.4286,0.1834,0.1446,0.0577,0.0859,0,0.0000,0.168,1.022,0.1070,0.0296,1.059445352112676,Distress
TECH,1.22,0.79,0.24,0.07,0.0,2.56,0.18,1.92,0.16,0.0,2025-06-30,0.29,-0.25,-0.04,0.6475,0.1967,0.0574,0.0273,0.0365,0,0.0000,0.032,0.258,0.1344,0.0262,1.2006725,Distress
TEL,15.84,5.46,2.98,3.19,0.0,22.85,4.75,12.36,1.32,0.0,2024-09-30,3.48,-2.87,-0.95,0.3447,0.1881,0.2014,0.1396,0.2581,0,0.0000,0.760,2.720,0.2201,0.0480,1.3832682932166303,Distress
TER,2.82,1.65,0.55,0.54,0.0,3.71,0.62,2.82,0.55,0.0,2024-12-31,0.67,-0.25,-0.62,0.5851,0.1950,0.1915,0.1456,0.1915,0,0.0000,0.496,0.174,0.0617,0.1759,1.5815053908355794,Distress
TFC,13.28,0.0,0.0,4.82,0.0,531.18,0.0,63.68,39.77,467.5,2024-12-31,2.16,-11.64,18.6,0.0000,0.0000,0.3630,0.0091,0.0757,1.1362,7.3414,0.0,2.16,0.0339,0.0000,0.11484619149817388,Distress
TGT,106.57,30.06,5.57,4.09,0.0,57.77,20.8,14.67,4.76,0.0,2025-01-31,7.37,-3.55,-2.86,0.2821,0.0523,0.0384,0.0708,0.2788,0,0.0000,2.288,5.082,0.3464,0.0215,2.1161939466851307,Grey
TJX,56.36,17.25,6.3,4.86,0.0,31.75,11.01,8.39,5.34,0.0,2025-01-31,6.12,-3.84,-2.48,0.3061,0.1118,0.0862,0.1531,0.5793,0,0.0000,1.984,4.136,0.4930,0.0352,2.3458848818897637,Grey
TMO,42.88,17.7,7.72,6.34,0.0,97.32,13.33,49.58,4.01,0.0,2024-12-31,8.67,-6.79,-5.84,0.4128,0.1800,0.1479,0.0651,0.1279,0,0.0000,4.672,3.998,0.0806,0.1090,1.084053431976983,Distress
TMUS,81.4,51.75,18.01,11.34,0.0,208.04,20.17,61.74,5.41,0.0,2024-12-31,22.29,-12.82,-9.07,0.6357,0.2213,0.1393,0.0545,0.1837,0,0.0000,7.256,15.034,0.2435,0.0891,1.1527664468371466,Distress
TPL,0.71,0.63,0.54,0.45,0.0,1.25,0.06,1.13,0.37,0.0,2024-12-31,0.49,-0.38,-0.47,0.8873,0.7606,0.6338,0.3600,0.3982,0,0.0000,0.376,0.114,0.1009,0.5296,3.43318,Safe
TPR,7.01,5.29,1.27,0.18,0.0,6.58,1.56,0.86,1.1,0.0,2025-06-30,1.22,-7.18,0.91,0.7546,0.1812,0.0257,0.0274,0.2093,0,0.0000,0.0,1.22,1.4186,0.0000,1.8639174468085105,Grey
TRGP,16.38,4.26,2.7,1.31,0.0,22.73,3.17,2.59,0.16,0.0,2024-12-31,3.65,-0.61,-3.02,0.2601,0.1648,0.0800,0.0576,0.5058,0,0.0000,2.416,1.234,0.4764,0.1475,1.2729205103387593,Distress
TRMB,3.68,2.4,0.48,1.5,0.0,9.49,1.79,5.75,0.74,0.0,2024-12-31,0.53,-1.86,1.86,0.6522,0.1304,0.4076,0.1581,0.2609,0,0.0000,0.0,0.53,0.0922,0.0000,0.9116687881981032,Distress
TROW,7.09,3.68,2.48,2.1,0.0,13.47,0.44,10.35,2.65,0.0,2024-12-31,1.69,-0.94,-0.18,0.5190,0.3498,0.2962,0.1559,0.2029,0,0.0000,0.144,1.546,0.1494,0.0203,1.9167750408314772,Grey
TRV,46.43,0.0,0.0,5.0,0.0,133.19,0.0,27.86,0.57,105.32,2024-12-31,9.07,-1.75,-7.26,0.0000,0.0000,0.1077,0.0375,0.1795,1.2646,3.7803,5.808,3.262,0.1171,0.1251,0.3537352654103161,Distress
TSCO,14.88,5.4,1.47,1.1,0.0,9.81,2.32,2.27,0.25,0.0,2024-12-31,1.42,-0.92,-0.64,0.3629,0.0988,0.0739,0.1121,0.4846,0,0.0000,0.512,0.908,0.4000,0.0344,1.8734406116207951,Grey
TSLA,97.69,17.45,7.76,7.13,0.0,122.07,28.82,72.91,16.14,0.0,2024-12-31,14.92,3.85,-18.79,0.1786,0.0794,0.0730,0.0584,0.0978,0,0.0000,15.032,-0.112,-0.0015,0.1539,1.2209615908904725,Distress
TSN,53.31,3.63,1.41,0.8,0.0,37.1,4.79,18.39,1.72,0.0,2024-09-30,2.59,-0.58,-0.89,0.0681,0.0264,0.0150,0.0216,0.0435,0,0.0000,0.712,1.878,0.1021,0.0134,1.5796806469002695,Distress
TT,19.84,7.08,3.5,2.57,0.0,20.15,6.07,7.46,1.59,0.0,2024-12-31,3.15,-2.02,-0.56,0.3569,0.1764,0.1295,0.1275,0.3445,0,0.0000,0.448,2.702,0.3622,0.0226,1.661425210918114,Distress
TTD,2.44,1.97,0.43,0.39,0.0,6.11,2.87,2.95,1.37,0.0,2024-12-31,0.74,-0.11,-0.16,0.8074,0.1762,0.1598,0.0638,0.1322,0,0.0000,0.128,0.612,0.2075,0.0525,1.2498724386252045,Distress
TTWO,5.63,3.06,-0.74,-4.48,0.0,9.18,3.62,2.14,1.46,0.0,2025-03-31,-0.05,0.65,-0.15,0.5435,-0.1314,-0.7957,-0.4880,-2.0935,0,0.0000,0.120,-0.170,-0.0794,0.0213,0.37051943355119826,Distress
TXN,15.64,9.09,5.34,4.8,0.0,35.51,3.64,16.9,3.2,0.0,2024-12-31,6.32,-2.88,-3.2,0.5812,0.3414,0.3069,0.1352,0.2840,0,0.0000,2.56,3.76,0.2225,0.1637,1.675197865390031,Distress
TXT,13.7,2.5,0.86,0.82,0.0,16.84,4.39,7.2,1.44,0.0,2024-12-31,1.01,-1.45,-0.28,0.1825,0.0628,0.0599,0.0487,0.1139,0,0.0000,0.224,0.786,0.1092,0.0164,1.1233920190023752,Distress
TYL,2.14,0.94,0.3,0.26,0.0,5.18,1.07,3.39,0.74,0.0,2024-12-31,0.62,0.02,-0.07,0.4393,0.1402,0.1215,0.0502,0.0767,0,0.0000,0.056,0.564,0.1664,0.0262,1.0472159845559845,Distress
UAL,57.06,16.49,5.21,3.15,0.0,74.08,23.31,12.68,8.77,0.0,2024-12-31,9.44,-4.18,-2.65,0.2890,0.0913,0.0552,0.0425,0.2484,0,0.0000,2.120,7.320,0.5773,0.0372,1.2136010151187904,Distress
UBER,43.98,17.33,2.8,9.86,0.0,51.24,11.48,21.56,5.89,0.0,2024-12-31,7.14,-2.09,-3.18,0.3940,0.0637,0.2242,0.1924,0.4573,0,0.0000,2.544,4.596,0.2132,0.0578,1.2064629274004683,Distress
UDR,1.67,0.42,0.28,0.09,0.0,10.9,0.73,3.44,0.0,0.0,2024-12-31,0.88,-0.6,-0.28,0.2515,0.1677,0.0539,0.0083,0.0262,0,0.0000,0.224,0.656,0.1907,0.1341,0.7066210091743119,Distress
UHS,15.83,14.24,1.68,1.14,0.0,14.47,2.21,6.67,0.13,0.0,2024-12-31,2.07,-1.14,-0.91,0.8996,0.1061,0.0720,0.0788,0.1709,0,0.0000,0.728,1.342,0.2012,0.0460,1.4548984865238426,Distress
ULTA,11.3,4.39,1.58,1.2,0.0,6.0,1.78,2.49,0.7,0.0,2025-01-31,1.34,-1.02,-0.38,0.3885,0.1398,0.1062,0.2000,0.4819,0,0.0000,0.304,1.036,0.4161,0.0269,2.4846733333333333,Grey
UNH,400.28,89.4,32.29,14.4,0.0,298.28,103.77,92.66,25.31,0.0,2024-12-31,24.2,-3.51,-20.53,0.2233,0.0807,0.0360,0.0483,0.1554,0,0.0000,16.424,7.776,0.0839,0.0410,1.710094363685128,Distress
UNP,24.25,11.04,9.71,6.75,0.0,67.72,5.25,16.89,1.02,0.0,2024-12-31,9.35,-6.07,-3.32,0.4553,0.4004,0.2784,0.0997,0.3996,0,0.0000,2.656,6.694,0.3963,0.1095,1.6974865682220908,Distress
UPS,91.07,16.36,8.47,5.78,0.0,70.07,16.44,16.72,6.11,0.0,2024-12-31,10.12,-6.85,-0.22,0.1796,0.0930,0.0635,0.0825,0.3457,0,0.0000,0.176,9.944,0.5947,0.0019,1.711238518624233,Distress
URI,15.34,6.15,4.07,2.58,0.0,28.16,3.32,8.62,0.46,0.0,2024-12-31,4.55,-0.27,-4.15,0.4009,0.2653,0.1682,0.0916,0.2993,0,0.0000,3.320,1.230,0.1427,0.2164,1.4398365909090909,Distress
USB,27.34,0.0,0.0,6.3,0.0,678.32,0.0,58.58,56.5,619.28,2024-12-31,11.27,8.57,-24.53,0.0000,0.0000,0.2304,0.0093,0.1075,1.0953,10.5715,19.624,-8.354,-0.1426,0.7178,0.14025828517513858,Distress
V,35.93,28.88,24.06,19.74,0.0,94.51,26.52,39.14,11.98,0.0,2024-09-30,19.95,-20.63,-1.93,0.8038,0.6696,0.5494,0.2089,0.5043,0,0.0000,1.544,18.406,0.4703,0.0430,2.7419622981695055,Grey
VICI,3.85,3.82,3.54,2.68,0.0,45.37,0.68,26.54,0.52,0.0,2024-12-31,2.38,-1.46,-0.92,0.9922,0.9195,0.6961,0.0591,0.1010,0,0.0000,0.736,1.644,0.0619,0.1912,3.132961417236059,Safe
VLO,129.88,4.76,3.76,2.77,0.0,60.14,15.5,24.51,4.66,0.0,2024-12-31,6.68,-5.05,-1.98,0.0366,0.0289,0.0213,0.0461,0.1130,0,0.0000,1.584,5.096,0.2079,0.0122,2.3479805753242435,Grey
VLTO,5.19,3.1,1.21,0.83,0.0,6.41,1.25,2.04,1.1,0.0,2024-12-31,0.88,-0.06,-0.43,0.5973,0.2331,0.1599,0.1295,0.4069,0,0.0000,0.344,0.536,0.2627,0.0663,1.784830624024961,Distress
VMC,7.42,2.0,1.4,0.91,0.0,17.1,1.24,8.12,0.56,0.0,2024-12-31,1.41,1.06,-2.81,0.2695,0.1887,0.1226,0.0532,0.1121,0,0.0000,2.248,-0.838,-0.1032,0.3030,1.0959263742690057,Distress
VRSK,2.88,1.98,1.25,0.96,0.0,4.26,1.24,0.1,0.29,0.0,2024-12-31,1.14,-1.03,-0.12,0.6875,0.4340,0.3333,0.2254,9.6000,0,0.0000,0.096,1.044,10.4400,0.0333,2.1899464788732392,Grey
VRSN,1.56,1.37,1.06,0.79,0.0,1.41,1.53,-1.96,0.21,0.0,2024-12-31,0.9,-1.22,0.29,0.8782,0.6795,0.5064,0.5603,-0.4031,0,-0.0000,0.0,0.9,-0.4592,0.0000,3.5274563829787233,Safe
VRTX,11.02,9.49,-0.23,-0.54,0.0,22.53,3.56,16.41,4.57,0.0,2024-12-31,-0.49,-1.49,-3.77,0.8612,-0.0209,-0.0490,-0.0240,-0.0329,0,0.0000,3.016,-3.506,-0.2137,0.2737,0.6635643985796715,Distress
VST,17.22,7.52,4.08,2.66,0.0,37.77,8.43,5.57,1.19,0.0,2024-12-31,4.56,-1.6,-5.28,0.4367,0.2369,0.1545,0.0704,0.4776,0,0.0000,4.224,0.336,0.0603,0.2453,1.2754951787132645,Distress
VTR,4.92,2.1,0.68,0.08,0.0,26.19,1.3,10.77,0.9,0.0,2024-12-31,1.33,1.45,-2.38,0.4268,0.1382,0.0163,0.0031,0.0074,0,0.0000,1.904,-0.574,-0.0533,0.3870,0.6851550744558992,Distress
VTRS,14.74,5.62,0.39,-0.63,0.0,41.5,5.78,18.64,0.73,0.0,2024-12-31,2.3,-4.33,1.8,0.3813,0.0265,-0.0427,-0.0152,-0.0338,0,0.0000,0.0,2.3,0.1234,0.0000,0.463739156626506,Distress
VZ,134.79,80.69,28.69,17.51,0.0,384.71,64.77,99.24,4.19,0.0,2024-12-31,36.91,-17.1,-18.67,0.5986,0.2128,0.1299,0.0455,0.1764,0,0.0000,14.936,21.974,0.2214,0.1108,1.0656773944009772,Distress
WAB,10.39,3.37,1.61,1.06,0.0,18.7,3.79,10.09,0.71,0.0,2024-12-31,1.83,-1.37,-0.34,0.3244,0.1550,0.1020,0.0567,0.1051,0,0.0000,0.272,1.558,0.1544,0.0262,1.1126764705882353,Distress
WAT,2.96,1.76,0.84,0.64,0.0,4.55,0.79,1.83,0.32,0.0,2024-12-31,0.76,-0.7,-0.14,0.5946,0.2838,0.2162,0.1407,0.3497,0,0.0000,0.112,0.648,0.3541,0.0378,1.6714850549450548,Distress
WBD,39.32,16.35,0.02,-11.31,0.0,104.56,15.81,34.04,5.31,0.0,2024-12-31,5.38,-3.75,-0.35,0.4158,0.0005,-0.2876,-0.1082,-0.3323,0,0.0000,0.280,5.100,0.1498,0.0071,0.4386431140015302,Distress
WDAY,8.45,6.38,0.5,0.53,0.0,17.98,5.55,9.03,1.54,0.0,2025-01-31,2.46,-1.15,-1.78,0.7550,0.0592,0.0627,0.0295,0.0587,0,0.0000,1.424,1.036,0.1147,0.1685,0.7681074972191324,Distress
WDC,9.52,3.69,2.13,1.86,0.0,14.0,5.42,5.54,2.11,0.0,2025-06-30,1.69,-1.61,0.15,0.3876,0.2237,0.1954,0.1329,0.3357,0,0.0000,0.0,1.69,0.3051,0.0000,1.5990671428571428,Distress
WEC,8.6,3.79,2.16,1.53,0.0,47.36,4.84,12.43,0.01,0.0,2024-12-31,3.21,0.47,-3.8,0.4407,0.2512,0.1779,0.0323,0.1231,0,0.0000,3.04,0.17,0.0137,0.3535,1.010801216216216,Distress
WELL,7.85,3.02,1.15,0.95,0.0,51.04,1.37,31.96,3.51,0.0,2024-12-31,2.26,4.91,-5.51,0.3847,0.1465,0.1210,0.0186,0.0297,0,0.0000,4.408,-2.148,-0.0672,0.5615,0.7197744514106582,Distress
WFC,82.3,0.0,0.0,19.72,0.0,1929.84,0.0,179.12,203.36,1748.78,2024-12-31,3.04,-21.53,-15.65,0.0000,0.0000,0.2396,0.0102,0.1101,1.1035,9.7632,12.520,-9.480,-0.0529,0.1521,0.16909795630725863,Distress
WM,22.06,8.68,4.15,2.75,0.0,44.57,6.26,8.25,0.41,0.0,2024-12-31,5.39,5.16,-10.6,0.3935,0.1881,0.1247,0.0617,0.3333,0,0.0000,8.48,-3.09,-0.3745,0.3844,1.1267205766210455,Distress
WMB,10.5,6.17,3.34,2.22,0.0,54.53,5.31,12.44,0.06,0.0,2024-12-31,4.97,-2.2,-4.86,0.5876,0.3181,0.2114,0.0407,0.1785,0,0.0000,3.888,1.082,0.0870,0.3703,1.243604931230515,Distress
WMT,680.98,169.23,29.35,19.44,0.0,260.82,96.58,91.01,9.04,0.0,2025-01-31,36.44,-14.82,-21.38,0.2485,0.0431,0.0285,0.0745,0.2136,0,0.0000,17.104,19.336,0.2125,0.0251,2.794741310482325,Grey
WRB,13.69,0.0,0.0,1.76,0.0,40.57,0.0,8.4,1.97,32.16,2024-12-31,3.68,-0.85,-2.18,0.0000,0.0000,0.1286,0.0434,0.2095,1.2615,3.8286,1.744,1.936,0.2305,0.1274,0.39571111658861224,Distress
WSM,7.71,3.58,1.43,1.13,0.0,5.3,1.91,2.14,1.21,0.0,2025-01-31,1.36,-1.18,-0.22,0.4643,0.1855,0.1466,0.2132,0.5280,0,0.0000,0.176,1.184,0.5533,0.0228,2.340829245283019,Grey
WST,2.89,1.0,0.59,0.49,0.0,3.64,0.55,2.68,0.48,0.0,2024-12-31,0.65,-0.62,-0.38,0.3460,0.2042,0.1696,0.1346,0.1828,0,0.0000,0.304,0.346,0.1291,0.1052,1.626057802197802,Distress
WTW,9.93,4.43,2.14,-0.1,0.0,27.68,12.6,7.94,1.89,0.0,2024-12-31,1.51,-0.46,0.25,0.4461,0.2155,-0.0101,-0.0036,-0.0126,0,0.0000,0.0,1.51,0.1902,0.0000,1.151829190751445,Distress
WY,7.12,1.31,0.72,0.4,0.0,16.54,0.98,9.72,0.68,0.0,2024-12-31,1.01,-0.85,-0.64,0.1840,0.1011,0.0562,0.0242,0.0412,0,0.0000,0.512,0.498,0.0512,0.0719,0.8134365296251511,Distress
WYNN,7.13,3.1,1.36,0.5,0.0,12.98,1.54,-0.22,2.43,0.0,2024-12-31,1.43,-1.79,-0.08,0.4348,0.1907,0.0701,0.0385,-2.2727,0,-0.0000,0.064,1.366,-6.2091,0.0090,1.403269938366718,Distress
XEL,13.44,6.15,2.39,1.94,0.0,70.04,6.46,19.52,0.18,0.0,2024-12-31,4.64,2.84,-7.43,0.4576,0.1778,0.1443,0.0277,0.0994,0,0.0000,5.944,-1.304,-0.0668,0.4423,0.7817143003997716,Distress
XOM,339.25,76.74,39.65,33.68,0.0,453.48,70.31,263.7,23.03,0.0,2024-12-31,55.02,-42.79,-19.94,0.2262,0.1169,0.0993,0.0743,0.1277,0,0.0000,15.952,39.068,0.1482,0.0470,1.1948156028931816,Distress
XYL,8.56,3.21,1.07,0.89,0.0,16.49,2.34,10.64,1.12,0.0,2024-12-31,1.26,-0.62,-0.48,0.3750,0.1250,0.1040,0.0540,0.0836,0,0.0000,0.384,0.876,0.0823,0.0449,1.0131064281382656,Distress
XYZ,24.12,8.89,1.69,2.9,0.0,36.78,8.55,21.27,12.26,0.0,2024-12-31,1.71,1.95,0.65,0.3686,0.0701,0.1202,0.0788,0.1363,0,0.0000,0.0,1.71,0.0804,0.0000,1.2871211908646003,Distress
YUM,7.55,3.58,2.4,1.49,0.0,6.73,1.27,-7.65,0.62,0.0,2024-12-31,1.69,-1.16,-0.42,0.4742,0.3179,0.1974,0.2214,-0.1948,0,-0.0000,0.336,1.354,-0.1770,0.0445,2.2814622734026746,Grey
ZBH,7.68,5.49,1.53,0.9,0.0,21.37,2.45,12.47,0.53,0.0,2024-12-31,1.5,-0.48,-0.89,0.7148,0.1992,0.1172,0.0421,0.0722,0,0.0000,0.712,0.788,0.0632,0.0927,1.046503659335517,Distress
ZBRA,4.98,2.41,0.76,0.53,0.0,7.97,1.7,3.59,0.9,0.0,2024-12-31,1.01,-0.19,-0.06,0.4839,0.1526,0.1064,0.0665,0.1476,0,0.0000,0.048,0.962,0.2680,0.0096,1.2639313174404014,Distress
ZTS,9.26,6.54,3.39,2.49,0.0,14.24,3.41,4.77,1.98,0.0,2024-12-31,2.95,-2.66,-0.32,0.7063,0.3661,0.2689,0.1749,0.5220,0,0.0000,0.256,2.694,0.5648,0.0276,2.025264831460674,Grey
